2707 4650
1164 274 1270 367 29‘

208 460 357 506 sunt·
385 464 591 519 nempe
641 456 923 521 quatenus
977 448 1190 503 similes
1225 448 1514 517 passiones
1559 456 1660 501 aut
1694 440 2057 515 affectiones;
2118 451 2198 504 si·-

207 523 368 574 miles
400 535 573 573 sonos
610 521 934 589 producunt
947 536 968 581 ς·
1011 519 1570 587 artzficialesautem
1605 518 1755 580 aliae,
1809 531 2086 586 quatenns
2122 525 2202 573 si-

206 592 371 644 miles
418 578 684 644 not'iones
734 601 834 643 aut
865 590 1006 642 ideae
1057 588 1338 644 similibus
1386 592 1541 641 sonis
1594 591 2015 655 exprimuntur.
2122 589 2203 642 11-

205 661 309 713 lud
344 661 613 726 analogiae
658 675 838 728 genus
883 664 947 712 in
984 661 1393 726 antiquissimis
1442 659 1655 725 lingvis
1691 663 1936 710 maxime
1975 670 2059 712 est
2095 659 2202 712 ob-

203 734 401 792 vium,
450 728 563 781 hoc
601 742 790 782 autem
822 733 888 781 in
921 729 1231 782 hodiernis.
1320 729 1428 798 Illa
1462 727 1769 798 aptitudini
1802 732 1973 794 primi
2009 729 2204 782 homi-

161 844 162 849 ,
201 810 344 851 num
379 802 603 865 generis
641 802 847 868 majori
895 798 964 851 ad
999 798 1349 867 recipiendas
1406 801 1805 866 impressiones
1840 797 2231 864 objectorum'

203 867 507 921 tribuenda
543 881 657 933 est,
709 868 757 921 81
792 873 920 921 vitae
971 866 1211 922 formam
1260 878 1536 922 monstrat
1581 870 1760 933 magis
1795 866 2117 924 infantilem
2153 868 2206 924 ὃ(

201 942 531 1005 patientem,
583 938 700 992 haec
735 944 1105 991 maturiorem
1138 948 1417 992 monstrat
1462 936 1788 990 facultatem
1824 939 2115 1004 cogitandi
2152 938 2205 993 8(

203 1009 435 1073 virilem
470 1020 682 1061 aetatem
713 1010 990 1073 hominis„
1013 1026 1118 1063 sua
1156 1019 1360 1080 sponte
1396 1004 1675 1074 agentem.
1761 1003 1874 1059 Sed
1914 1018 1980 1059 ut
2015 1020 2204 1062 sermo
2272 1054 2275 1061 .

205 1083 396 1146 coepit
431 1094 533 1147 per
567 1083 860 1132 scientiam
897 1077 1027 1143 coli,
1062 1079 1348 1131 naturales
1391 1077 1660 1143 analogias
1695 1077 2036 1145 plerumque
2070 1091 2208 1132 sunt

185 1146 451 1216 'obolitae,
487 1159 638 1202 certe
674 1162 790 1200 non
807 1148 1050 1214 amplius
1087 1152 1259 1216 quaesi
1333 1189 1347 1211 ‚
1388 1149 1455 1198 in
1489 1162 1804 1213 eorumque
1838 1147 2034 1202 locum
2070 1154 2209 1202 arti·-

201 1214 432 1287 ficiales'
468 1222 703 1271 omnino
756 1216 1105 1284 succedunt,
1182 1216 1234 1270 ὅ(
1319 1215 1756 1279 uemadmodum
1791 1233 1883 1270 res
1931 1233 2051 1269 non
2086 1235 2211 1272 am-

201 1288 358 1354 plius
408 1285 721 1339 secundum
767 1297 1030 1339 externas
1080 1297 1300 1353 tantum
1329 1287 1728 1355 'proprietates
1783 1299 2213 1354 cognoscuntur

205 1355 257 1408 ὅ(
292 1351 722 1424 percipiuntur,
764 1371 968 1408 verum
1005 1358 1317 1411 secundum
1353 1359 1558 1410 multas
1601 1356 1902 1424 qualitates
1945 1357 2209 1412 sensibus

203 1443 324 1480 non
359 1423 556 1478 obvias
578 1461 593 1487 ,
647 1429 728 1478 sic
780 1425 894 1479 hoc
945 1430 1114 1479 etiam
1149 1426 1486 1481 observatur
1534 1429 1598 1478 in
1633 1442 1825 1479 rerum
1860 1426 2211 1494 nominibus,

202 1499 267 1549 in
304 1490 516 1564 quibus
556 1495 753 1548 idealis
803 1497 917 1564 jam
954 1513 1177 1566 semper
1214 1503 1490 1565 quaergitur
1543 1497 1800 1563 analogia
1845 1494 1895 1548 ὅ(
1929 1496 2212 1564 aptitudo.

139 1617 148 1621 ,
375 1565 677 1618 Talimodo
724 1578 986 1636 apertum
1024 1576 1139 1629 est,
1187 1584 1291 1634 per
1329 1567 1597 1618 scientias
1646 1567 1876 1619 vitalem
1927 1567 2212 1634 quandam

203 1638 324 1687 vim
363 1637 425 1688 in
467 1635 691 1702 lingva,
754 1639 805 1688 si
837 1651 956 1686 non
994 1638 1226 1687 omnino
1267 1650 1655 1704 suppressam,
1717 1634 1916 1686 saltem
1956 1637 2208 1701 *multum

207 1720 330 1775 esse
368 1701 734 1767 debilitatam,
779 1701 828 1755 &
866 1720 969 1774 per
1001 1704 1127 1755 illas
1164 1706 1242 1769 id,
1279 1702 1590 1772 quodfuit
1620 1708 1683 1755 in
1719 1719 1977 1757 sermone
2012 1707 2210 1773 plasti-

137 1810 160 1815 -4
207 1773 601 1840 cum‚'magna
644 1789 721 1851 ex
762 1785 922 1841 parte
960 1777 1306 1828 exstinctum
1342 1790 1483 1826 esse.
1566 1770 1681 1825 Sed
1719 1771 1789 1824 ab
1831 1775 2003 1826 altera
2043 1786 2206 1843 parte

208 1842 697 1906 considerandum,
734 1842 890 1910 quod
926 1846 1174 1899 scientiae
1193 1854 1511 1897 sermonem
1544 1842 1880 1909 ,ditaverunt
1917 1860 2071 1897 novo
2108 1842 2209 1898 vo*-

210 1927 345 1964 cum
377 1912 678 1975 thesaur03
712 1929 843 1966 nam
877 1913 1082 1966 idealia
1121 1928 1502 1984 quaecunque,
1539 1930 1789 1982 quorum
1822 1910 2210 1980 cognitionem
2263 1921 2269 1928 '

207 1985 476 2053 primum,
515 1991 580 2033 ut
620 1979 663 2048 ᾗ.
698 1982 765 2035 25
803 1984 1018 2037 dictum
1055 1995 1166 2047 est,
1204 2002 1305 2052 per
1343 1986 1682 2049 religionem
1722 1988 2046 2037 suscitatam
2083 1991 2210 2038 exi-
2282 1972 2333 2005 ⁸¹

209 2055 533 2111 stimamus,
591 2062 826 2117 propter
874 2055 1242 2106 scientiarum
1276 2054 1559 2107 culturam
1603 2067 1707 2106 sua
1739 2057 1972 2109 nomina
2006 2059 2210 2126 impri-

211 2124 320 2171 mis
354 2124 553 2172 sortita
597 2129 750 2171 sunt.

420 2284 425 2293 .
1074 2225 1135 2312 ὃ.
1218 2233 1325 2301 27.

376 2327 641 2385 ‘Formati
672 2328 804 2404 jam‘
823 2329 875 2387 &
909 2337 1131 2388 ex'cu'lti
1165 2336 1442 2392 sermonis
1476 2335 1677 2406 itaque·
1703 2338 1814 2391 tria
1849 2336 2210 2405 potissimum

213 2409 350 2453 sunt
384 2416 627 2467 genera:
676 2406 985 2472 poeticum,
1034 2411 1371 2471 oratorium,
1422 2409 1810 2477 scientificum.
1912 2406 2215 2460 Poeticum

213 2469 449 2537 quidem
493 2476 954 2539 antiquissimum
1004 2474 1054 2528 ὃ(
1087 2483 1215 2531 vitae
1265 2482 1401 2531 usui
1435 2483 1796 2546 proximum,
1847 2482 2212 2545 maximeque

211 2542 455 2608 varium.
527 2535 875 2605 Oratorium,
913 2546 1098 2596 civilis
1136 2553 1263 2598 vitae
1298 2564 1465 2598 usum
1501 2554 1749 2600 maxime
1784 2559 2058 2616 spectans,
2094 2564 2215 2599 non

213 2614 487 2661 varietate
522 2607 675 2659 adeo‘
701 2613 952 2678 insigne,
993 2615 1080 2664 uti
1120 2619 1559 2683 perspicuitate,
1619 2616 1859 2679 robore,
1911 2620 2211 2685 elegantia,

215 2679 489 2752 decentia.
560 2673 919 2732 Scientificus
962 2692 1151 2736 autem
1184 2684 1400 2747 sermo,
1449 2702 1551 2753 per
1587 2702 1646 2738 se
1685 2689 1940 2738 omnium
1977 2690 2229 2758 minime·

214 2748 506 2817 perfectus
547 2743 597 2798 ὃ(
632 2751 931 2814 excultus,
967 2762 1154 2806 tamen
1190 2755 1348 2806 solus
1385 2755 1645 2807 altiorem
1680 2755 1928 2807 hominis
1967 2755 2214 2807 destina-

219 2823 437 2876 tionem
465 2816 678 2869 indicat
715 2820 864 2872 ultra
892 2819 1066 2887 hujus
1104 2827 1232 2875 vitae
1261 2829 1532 2877 terminos
1566 2829 2026 2894 prospicientem.
2078 2823 2209 2889 Hic,

218 2892 486 2956 inquam,
527 2887 1071 2957 ,imperfectissimus
1121 2905 1206 2945 est
1242 2897 1425 2947 ³variis
1472 2894 1542 2947 de
1581 2899 1823 2948 caussis:
1894 2898 2029 2962 quia
2079 2910 2212 2949 cum

216 2957 393 3009 homo
431 2962 492 3009 in
528 2956 827 3011 formando
865 2965 1138 3016 sermonis
1182 2977 1392 3030 genere
1427 2969 1657 3032 poetico
1693 2975 1894 3016 natura
1930 2968 2211 3033 imprimis

220 3026 558 3089 duceretur,
627 3032 691 3079 in
736 3028 1034 3083 formando
1083 3033 1401 3086 scientifico
1437 3050 1696 3087 sermone
1735 3039 1955 3102 proprii
1992 3036 2215 3102 ingenii

216 3094 441 3149 viribus
474 3103 720 3152 maxime
755 3099 1014 3154 ducitur:
1052 3106 1184 3170 qvia
1220 3100 1535 3157 artificiosae
1571 3103 1811 3160 dictioni
1845 3103 2074 3180 studere
2111 3102 2212 3158 ab·

377 3280 1081 3329 indicandam&sustinendam.
1136 3289 1235 3329 Hac
1266 3298 1383 3332 voce
1410 3290 1569 3331 veluti
1595 3291 1794 3342 emergit
1818 3300 1879 3331 ex
1905 3298 2072 3330 oceano
2096 3287 2210 3329 exi-

380 3337 578 3375 stentiae.
657 3339 795 3377 ”Ecce
827 3352 904 3389 ego
935 3344 1055 3379 sum'’
1094 3347 1166 3382 est
1189 3343 1280 3382 illa
1311 3347 1580 3393 sententia,
1618 3355 1717 3395 qnae
1736 3346 1790 3384 in
1827 3344 1915 3383 lnoc
1938 3346 2214 3393 pronomine

381 3390 592 3434 conditu*
620 3395 709 3431 est.
829 3393 1083 3441 subjectiva
1109 3417 1136 3427 -
1171 3394 1438 3443 obJ'ocu'oum
1483 3410 1598 3439 voco
1642 3399 1765 3437 illud
1811 3401 1968 3447 primm
2005 3407 2212 3446 persone

376 3453 658 3497 pronomen,
699 3457 790 3496 qno
834 3447 968 3487 homo
1000 3463 1046 3487 so
1061 3451 1191 3499 ponit
1219 3452 1449 3491 relatione
1484 3452 1728 3502 cujusdam
1766 3453 1994 3496 alterius.
2032 3451 2084 3490 in
2115 3462 2211 3501 qno

373 3501 650 3549 plerumque
686 3507 852 3550 praeter
883 3503 1093 3543 vocalem
1144 3503 1532 3558 deprehendimus
1557 3507 1748 3547 literam
1784 3517 1853 3544 m:
1905 3504 1992 3543 hoo
2046 3511 2215 3555 nempe

301 3597 310 3603 ,
380 3553 638 3603 plasticam
677 3558 779 3600 est,
855 3559 912 3594 ut
951 3556 1130 3597 clausis
1176 3557 1351 3603 labris,
1415 3563 1551 3609 quasi
1589 3561 1809 3600 conclusa
1843 3560 2100 3598 existentia
2124 3568 2214 3599 sua

380 3606 565 3646 indicat
597 3606 971 3655 objectivitatem
1014 3611 1412 3659 subjectivitatis.
1481 3615 1615 3653 Talis
1657 3614 1777 3652 mihi
1819 3613 2011 3652 videtur
2042 3623 2211 3651 sensus

381 3661 618 3700 naturalis
646 3671 816 3702 vocum
844 3676 926 3704 me,
973 3663 1102 3708 mich,
1145 3666 1249 3716 mig,
1283 3666 1387 3703 ηιυὶ.
1456 3668 1540 3706 Per
1565 3668 1650 3707 hoc
1676 3677 1927 3716 pronomen
1953 3665 2087 3704 homo
2119 3676 2211 3704 ve-

377 3712 456 3752 lut
482 3716 703 3762 terminat
727 3703 1030 3757 existentiam
1058 3720 1275 3766 alterins,
1304 3719 1339 3758 ἃ
1370 3721 1460 3760 illa
1488 3724 1751 3766 sententia,
1781 3730 1879 3769 qnae
1903 3719 2106 3760 subitio
2136 3720 2215 3756 la-
2294 3723 2299 3732 “
2360 3700 2379 3709 “

381 3769 471 3808 tet,
498 3770 598 3806 est:
627 3771 765 3809 ”Ecce
792 3785 857 3809 me
887 3773 1003 3809 inter
1029 3771 1192 3809 atio-vy
1257 3775 1494 3813 Hactenus
1529 3777 1690 3823 itaque
1717 3773 2215 3823 agnoscimus-primi·-

382 3820 592 3870 rivorum
615 3827 940 3871 pronominum
965 3825 1192 3865 elementa
1215 3828 1361 3866 etiam
1381 3831 1433 3866 in
1461 3828 1703 3868 hodiernis
1729 3829 1927 3879 lingvis.
1984 3826 2076 3865 illa
2100 3836 2216 3872 veto

383 3874 438 3911 in
476 3873 682 3924 singulis
721 3876 885 3918 formis
911 3877 1162 3918 verborum
1207 3884 1430 3930 persequi
1467 3882 1704 3921 lubricum
1741 3892 1852 3921 sane
1895 3884 2001 3925 est,
2058 3887 2214 3928 quan-

383 3936 524 3975 quam
553 3925 675 3966 baud
711 3942 865 3980 paucae
890 3931 1141 3972 ver-borum
1165 3932 1324 3974 formae
1363 3937 1617 3974 secundum
1657 3935 1779 3980 haec,
1835 3944 1936 3985 quae
1980 3933 2074 3982 jam
2101 3943 2216 3982 pro-

380 3981 642 4032 posuimus.
678 3986 924 4033 explanari
943 3990 1155 4038 possunt.
1225 3989 1492 4028 Notandum
1515 3993 1670 4029 tamen
1694 3991 1781 4033 est,
1807 3988 1991 4038 qnando
2028 3997 2114 4026 nos
2156 3987 2213 4026 de

380 4034 479 4075 alic
512 4035 590 4083 ins
627 4038 760 4075 vocis
804 4042 1020 4081 nutui-ali
1053 4052 1194 4082 sensu
1231 4041 1539 4088 disserimus,
1596 4043 1685 4082 hoo·
1718 4052 1899 4090 semper
1941 4051 2044 4080 esse
2085 4039 2214 4079 dcci-

387 4092 465 4141 pie
501 4089 611 4128 dum
649 4089 706 4127 de
750 4092 853 4140 ipso
898 4098 1033 4135 vocis
1072 4096 1330 4141 elemento,
1405 4098 1529 4146 qnod
1572 4099 1664 4138 vix
1720 4106 1927 4147 unquam
1976 4095 2079 4137 nisi
2119 4102 2212 4134 una

380 4144 581 4195 quadam
607 4143 750 4185 litera
786 4146 838 4186 in
866 4145 1110 4191 hodiernis
1131 4150 1315 4206 ungris
1343 4155 1577 4196 servatur.
1690 4151 1691 4156 ’
2047 4146 2057 4156 ‘
