2707 4650
1147 228 1370 340 ⁹15..

271 431 360 474 tus
408 401 562 473 enim
584 414 589 423 ’
609 422 672 471 in
731 404 990 469 sermone
1045 424 1131 469 est
1183 415 1329 469 illud
1381 414 1667 473 occultum
1715 415 2043 484 vivificans„
2092 422 2251 488 quod

271 490 480 544 literali
528 488 726 542 subest
777 490 1061 550 sermoni,
1098 490 1200 553 qui
1233 487 1393 539 illius
1430 497 1516 538 est
1548 485 1972 553 phaenomenou.
2043 486 2156 542 Sed
2189 497 2256 545 in
2325 517 2340 537 ι

271 562 380 614 hoc
417 561 584 612 vitali
620 563 802 610 omnis
841 558 980 609 latet
1010 561 1287 609 sermonis
1321 556 1645 623 jucunditas
1669 593 1683 619 ,
1720 572 1836 608 non
1873 561 1998 610 auri
2031 570 2250 615 tant-um

271 630 599 692 blandienS,
658 626 855 680 'verum
910 625 960 678 ὅ(
1011 630 1185 678 animi
1229 623 1559 688 facultates,
1616 630 2001 690 attentionem,
2037 645 2251 682 memo-

269 705 443 762 riam,
497 701 956 764 imaginationem
992 701 1246 748 excitans
1295 694 1345 748 &
1379 699 1689 762 arripiens.
1752 699 1873 747 sine
1914 714 2025 764 qua
2060 700 2255 752 taedio-

274 787 401 822 sum
438 760 493 820 &⁸
520 783 650 820 vere
683 767 990 819 molestum
1043 781 1209 817 omne
1260 764 1413 817 foret
1464 766 1831 832 colloquium.
1900 766 1972 818 Et
2006 767 2252 836 denique

268 849 530 892 accentus
584 848 668 888 est
740 835 907 888 illud-
931 835 1287 904 princiffium,
1339 849 1414 885 ex
1462 851 1578 901 quo
1632 834 2015 901 proficiscitur
2069 844 2254 892 omnis

270 912 543 962 sermonis
594 910 948 972 organismus
970 943 986 969 ,
1034 910 1152 956 imo
1203 903 1253 956 ὅ(
1286 904 1416 959 ,hoc
1451 907 1797 971 principium
1832 909 1897 956 in
1928 910 2053 972 ipso
2090 909 2256 960 rudi-2

268 989 457 1032 mento
512 979 719 1043 linguae
768 977 883 1043 jam
931 979 1185 1030 continet
1232 977 1445 1027 semina
1478 975 1733 1024 omnium
1765 972 2096 1028 facultatum
2132 994 2257 1031 ser-

266 1051 466 1110 monis,
503 1062 630 1113 quae
667 1055 864 1113 postea
901 1060 1024 1096 sese
1050 1045 1355 1112 explicant.
1438 1043 1506 1094 In
1550 1054 1795 1117 ¹accentu
1836 1044 1993 1096 rudis
2048 1048 2255 1113 lingvae

264 1118 414 1185 jacet
460 1115 655 1169 futura
706 1130 906 1166 versus
953 1113 1248 1166 harmonia
1285 1111 1335 1165 &
1376 1117 1618 1165 svavitas
1657 1115 1851 1167 solutae
1897 1120 2168 1168 orationis
2204 1117 2255 1172 ὃ(

262 1182 674 1239 sententiarum
720 1183 1075 1244 rotunditas3
1106 1183 1218 1237 hoc
1251 1184 1549 1253 paullatim
1586 1198 1691 1251 per
1726 1195 1991 1253 accentus
2027 1199 2249 1247 rectum

266 1273 433 1312 usum
467 1254 665 1326 prodit
699 1251 749 1306 ὃ(
778 1252 1096 1312 formatur.

1125 1376 1186 1462 ς.
1219 1431 1222 1436 -
1274 1390 1380 1452 18.

427 1504 750 1562 Secundum
787 1511 915 1562 toni
950 1511 1280 1562 varietatem
1317 1506 1369 1560 &
1402 1511 1615 1561 variam
1650 1510 2120 1575 protractionem,
2190 1513 2254 1565 in

244 1575 491 1648 ‘quibus'
553 1594 691 1631 sane
737 1589 1004 1631 accentus
1058 1594 1118 1631 se
1170 1589 1464 1640 monstrat,
1501 1582 1617 1645 .qui
1662 1582 1909 1630 maxime
1960 1577 2029 1630 ab
2083 1584 2253 1632 initio

267 1647 527 1701 conferre
566 1649 883 1700 censendus
918 1659 1002 1698 est
1029 1647 1100 1699 ad
1135 1647 1533 1698 formationem
1567 1648 1787 1712 lingvae,
1809 1651 2135 1715 proximum
2170 1667 2258 1701 sa-

232 1734 337 1777 ‚ne
379 1718 773 1783 adjumentum
827 1726 913 1768 est
949 1717 1275 1785 rhythmuS,
1312 1721 1417 1784 qui
1454 1728 1605 1767 certe
1644 1717 1733 1768 nil
1768 1717 1923 1768 aliud
1960 1730 2044 1769 est
2081 1735 2251 1786 quam
2335 1772 2352 1785 θ

266 1790 534 1841 motionis
589 1790 961 1849 continuatio,
1015 1789 1330 1850 interjectis
1368 1784 1706 1853 quibusdam
1755 1786 2112 1853 regularibus
2162 1793 2262 1851 inf

262 1858 518 1909 tervallis
587 1856 709 1920 sive
770 1855 1032 1924 thesibus.
1133 1854 1425 1908 Momenta
1476 1871 1649 1919 vere,
1700 1859 1764 1908 in
1814 1855 2021 1924 quibus
2069 1862 2251 1921 motio

268 1931 637 1978 continuatur
685 1925 735 1978 ὃ(
785 1925 1134 1989 intenditur,
1182 1925 1330 1975 arsis
1372 1928 1627 1976 vocatur.
1696 1925 2022 1995 Rhythmus
2066 1939 2258 1980 autem

268 2007 352 2049 est
386 2000 448 2048 in
485 1999 641 2048 omni
674 1995 797 2048 fere
833 2000 1089 2047 motione
1127 1992 1535 2058 observabilis,
1574 1992 1672 2045 sed
1701 1998 1959 2063 inprimis
2002 2000 2063 2049 in
2099 2001 2258 2051 sonis
2330 2017 2338 2032 *

268 2062 320 2117 ὃ(
388 2063 792 2127 motionibus,.
837 2079 975 2131 quas
1040 2067 1460 2115 concomitatur
1526 2080 1716 2114 sonus.
1834 2066 2037 2117 Vivens
2103 2085 2259 2119 omne

267 2130 639 2200 rhythmicum
694 2134 908 2201 omnino
953 2141 1058 2182 est.
1145 2132 1213 2197 In
1265 2137 1434 2185 maris
1484 2130 1789 2196 fluctibus,
1824 2136 1886 2184 in
1924 2138 2082 2186 venti
2119 2147 2263 2205 stre-

268 2208 434 2272 pitu,
479 2207 541 2254 in
589 2201 912 2254 decuit-renti
960 2199 1231 2266 flumine,
1285 2207 1349 2254 in
1398 2207 1598 2270 magni·
1639 2203 1890 2265 incendii
1935 2202 2259 2270 fragoribus

271 2271 482 2324 obvius
534 2282 645 2336 est,
697 2275 952 2340 quamvis
1000 2275 1180 2338 magis
1234 2274 1350 2325 vel‘
1379 2277 1567 2325 minus
1617 2273 1922 2340 regularis,
1960 2289 2162 2328 verum
2195 2279 2260 2328 in

271 2341 557 2406 omnibus,
594 2358 717 2409 quae
752 2345 811 2391 in
848 2342 1098 2394 hominis
1139 2347 1459 2409 organismo
1497 2341 1664 2410 fiunt,
1700 2341 2052 2396 motionibus
2089 2350 2259 2399 etiam

268 2418 449 2479 magis
500 2422 588 2464 est
635 2409 989 2468 manifestus.
1071 2408 1328 2479 Apparet
1362 2417 1427 2464 in
1460 2414 1631 2479 pulsu
1671 2417 2038 2477 arteriarum,
2073 2418 2137 2472 in
2169 2421 2262 2468 in-

267 2498 432 2558 cessu
483 2481 772 2545 animalis,
820 2485 884 2533 in
934 2484 1310 2547 respiratione,
1363 2479 1412 2533 &
1448 2485 1679 2534 omnino
1711 2487 1774 2535 in
1811 2488 1966 2537 omni
2001 2483 2260 2538 humanae
2299 2534 2308 2549 ,

266 2555 424 2603 'vocis
479 2568 622 2613 usu,
679 2566 810 2604 nam
873 2553 1248 2617 respiratione
1300 2549 1616 2618 praefinitur
1678 2556 1833 2604 vocis
1883 2557 2258 2615 continuatio.

274 2619 598 2686 Respiratio
648 2629 879 2683 tamen,
924 2635 1043 2670 non
1077 2635 1384 2685 negamuS,
1424 2631 1657 2672 eatenus
1696 2632 2002 2689 spontanea
2039 2635 2153 2687 est,
2189 2636 2260 2677 ut

266 2689 444 2742 homo
490 2691 670 2755 possit
717 2689 953 2740 eandem
997 2686 1262 2739 inhibere
1300 2691 1668 2755 aliquantum,
1709 2700 1877 2756 atque
1919 2693 2254 2759 protrahere

270 2772 501 2818 vocem3
538 2768 728 2810 tamen
764 2754 815 2807 ὃς
849 2756 1024 2822 huju's
1059 2762 1457 2828 proti-actionis
1493 2761 1633 2810 arcti
1668 2770 1800 2810 sunt
1835 2761 2061 2813 limites.
2142 2759 2259 2817 Sed

268 2828 436 2882 solita
473 2826 725 2893 quaedam
775 2837 858 2878 est
912 2825 961 2878 &
996 2826 1181 2878 media
1218 2826 1901 2894 respirationis-datatim
1936 2846 2059 2897 quae
2092 2842 2260 2884 natu-

266 2900 442 2950 ralem
489 2895 696 2948 format
743 2895 1080 2961 rhythmum
1124 2901 1419 2950 sermonis.
1506 2894 1785 2962 Rhythmi
1834 2910 2023 2954 autem
2060 2901 2257 2955 eadem

267 2977 354 3018 est
406 2976 571 3033 atque
623 2976 885 3018 accentus
921 2963 1238 3018 differentia
1274 2983 1380 3034 pro
1418 2963 1734 3036 differentia
1768 2973 2025 3035 gentium
2062 2968 2111 3022 8<
2143 2970 2259 3023 ho—

266 3038 492 3098 minum
556 3032 606 3086 8<
672 3035 916 3102 denique
968 3051 1074 3103 pro
1125 3033 1435 3088 affectuum
1481 3036 1661 3102 gradu
1719 3048 1776 3088 et
1828 3042 2153 3091 intensitate
2204 3039 2257 3094 ὅ(

265 3103 571 3171 qualitate.'
642 3102 735 3158 Sic
783 3103 1090 3171 rhythmus
1145 3109 1208 3157 in
1240 3107 1546 3173 impetuosi
1578 3104 1828 3159 hominis
1864 3115 2123 3160 sermone
2162 3125 2258 3161 ce-

266 3173 449 3225 lerior
483 3182 584 3223 est·
618 3173 668 3242 3¹<
698 3177 877 3240 magis
914 3175 1265 3241 irregularis,
1305 3185 1544 3241 tumque
1576 3181 1838 3239 maxime,
1874 3177 2099 3245 quando
2135 3183 2263 3230 vio·-

264 3244 428 3300 lento
476 3243 667 3310 aliquo
727 3242 934 3296 affectu
969 3255 1235 3296 movetur
1268 3247 1524 3305 animus,
1568 3243 1617 3296 ὅ(
1657 3250 1888 3298 omnino
1926 3250 2255 3315 cuicunque

266 3308 496 3365 affectui
551 3329 650 3364 sua
689 3325 773 3367 est
814 3311 882 3364 ‘in
915 3312 1192 3379 rhythmo
1225 3314 1613 3380 peculiaritas,
1653 3312 1704 3366 δι
1748 3319 1923 3382 siquas
1970 3330 2108 3383 gens
2157 3329 2259 3371 aut

202 3417 211 3426 κ
263 3380 442 3434 homo
481 3383 583 3434 tali
617 3384 712 3435 vel
742 3383 844 3434 tali
881 3378 1085 3434 affectu
1121 3383 1482 3451 frequentius
1518 3386 1740 3436 moveri
1776 3386 1939 3449 solet,
1977 3385 2259 3441 formatur

266 3452 401 3503 inde
437 3450 696 3518 rhythmi
731 3451 1021 3503 character
1059 3455 1122 3504 in
1164 3456 1321 3504 omni
1359 3467 1636 3505 sermone.
1684 3452 2088 3507 Britannorum
2125 3461 2290 3523 qui-¹

182 3565 185 3568 Α
236 3521 394 3573 .dem
429 3534 695 3584 accentus
731 3522 1071 3590 plerumque
1106 3538 1268 3590 asper
1305 3532 1389 3573 est
1417 3519 1466 3572 &
1501 3532 1699 3575 acutus
1739 3522 1789 3575 ὅ(
1825 3522 2117 3593 abruptus,
2155 3524 2257 3578 sed

260 3606 481 3643 summa
529 3592 868 3659 plerumque
925 3601 1011 3641 est
1051 3594 1115 3642 in
1150 3607 1352 3646 eorum
1385 3606 1644 3644 sermone
1683 3592 1937 3659 rhythmi
1975 3596 2257 3662 regulari-

260 3667 385 3722 tas,
433 3660 590 3777 ‹ss‘uod
635 3662 842 3729 populi
889 3657 1003 3711 fert
1052 3666 1295 3727 gravitas
1333 3661 1383 3714 ὅ(
1426 3660 1742 3715 moderatio
1806 3661 1857 3714 &
1891 3670 2158 3717 severitas
2193 3669 2260 3716 in

261 3725 582 3793 affectius,
617 3729 957 3797 castigandis
1011 3725 1061 3780 ὅ(
1111 3729 1458 3783 inhibendis.
1546 3728 1841 3784 Gallorum
1885 3750 2023 3785 vero
2059 3749 2258 3785 accen-

258 3808 362 3849 tus
413 3798 721 3851 mellifluus
769 3804 948 3868 magis
998 3808 1082 3850 est
1123 3797 1175 3850 &
1225 3800 1385 3852 velut
1423 3816 1583 3867 oequo
1637 3799 1687 3869 ὅ(
1721 3801 1943 3868 placido
1979 3809 2257 3856 sermonis

259 3865 504 3920 flumine
558 3874 895 3937 continuus,
943 3866 1250 3935 rhythmus
1300 3879 1493 3923 autem
1536 3871 1803 3925 latentior
1857 3870 1908 3925 8(
1942 3878 2120 3941 magis
2172 3861 2260 3927 di-

257 3951 484 3990 versus.
1739 3954 1744 3958 ·

441 4017 768 4093 Rhythmus
817 4048 955 4086 vero
995 4042 1082 4087 est
1127 4030 1479 4105 singularum
1522 4052 1711 4088 vocum
1747 4035 1807 4089 Θ*
1841 4035 2257 4100 sententiarum,

261 4098 744 4167 quemadmodum
781 4098 832 4155 δι
865 4106 1015 4159 circa
1052 4117 1353 4161 accentum
1390 4105 1585 4162 eadem
1621 4103 1773 4161 r'ecte
1805 4104 2140 4161 observatur
2173 4105 2262 4160 di-

577 4353 617 4392 X
