2707 4650
694 376 712 401 t
1029 396 1033 407 ,
1217 379 1223 387 -
1400 338 1446 401 8

498 486 724 554 gruere.
812 481 967 535 Talis
1002 474 1152 533 foret
1197 479 1498 534 admodum
1531 479 1813 549 profunda
1851 481 2224 552 physiologiae
2260 501 2405 554 cog-

501 557 682 617 niti0,
732 568 854 674 <giras
889 552 1229 620 explicaret,
1283 552 1607 618 qualimodo
1644 568 1993 625 quaecunque
2042 559 2214 611 annui
2250 572 2403 608 com-

500 628 678 677 motio
719 641 748 675 a
810 632 962 673 ceret
999 636 1207 687 organa
1242 621 1494 687 loqvelae,
1538 620 1588 672 ὅ(
1608 625 1689 678 sic
1726 621 2137 688 determinaret,
2174 630 2404 692 quinam

500 703 648 746 esset
697 693 1088 758 cujuscunque
1138 687 1451 743 affectionis
1498 706 1671 743 sonus
1717 695 2057 758 originarius
2107 692 2158 746 ὃ(
2195 694 2407 747 funda-

499 761 789 822 mentalis3
845 759 1124 827 quendam
1177 764 1326 812 enim
1376 760 1544 812 talem
1582 775 1703 811 esse
1750 764 1855 813 vix
1887 778 2187 830 possumus
2241 763 2408 818 dubi·-

504 843 641 885 tare.
711 829 823 883 Per
853 830 1095 881 similem
1128 828 1547 897 physiologiam
1580 830 1778 882 liceret
1807 834 1871 882 in
1905 832 2250 899 simpliciore
2279 840 2408 886 vitas

500 898 685 952 forma
721 897 1020 953 brutorum
1057 901 1382 967 animalium
1419 898 1818 969 determinare,
1873 917 2142 968 quaenam·
2164 913 2310 954 esset
2344 909 2409 954 in

498 970 602 1022 tali
651 969 746 1021 vel
809 968 911 1020 tali
950 968 1178 1019 animali
1226 969 1631 1036 praedominans
1667 974 1883 1021 mentis
1910 965 2162 1031 affecti03
2232 971 2410 1041 hujus

503 1043 655 1092 enim
689 1042 859 1090 sonus
895 1034 1334 1090 fundamentalis
1375 1036 1426 1089 ὃς
1456 1041 1805 1104 ‘originarius
1839 1037 1998 1092 foret
2034 1043 2117 1106 is,
2167 1045 2271 1110 qui
2305 1059 2411 1112 ap-

501 1118 663 1177 paret
695 1112 759 1162 in
794 1107 1050 1160 animalis
1089 1112 1316 1176 mugitu
1351 1109 1447 1161 vel
1480 1105 1913 1177 vociferatione.

1286 1221 1379 1305 ας.
1462 1231 1526 1293 s.

606 1325 818 1379 Inculti
849 1325 1101 1381 hominis
1139 1325 1190 1381 8<
1234 1326 1472 1381 infantis
1519 1328 1713 1394 lingva
1745 1332 1941 1396 paucis
1986 1338 2203 1383 tantum
2238 1327 2411 1396 sylla-

429 1394 520 1449 bis
555 1405 800 1460 constat,
846 1397 945 1448 sed
981 1414 1112 1452 cum
1145 1396 1447 1449 hominnm
1481 1401 1827 1451 sensationes
1862 1403 2039 1465 magis
2073 1404 2239 1451 variae
2279 1403 2409 1462 sint,

429 1482 600 1532 quam
638 1466 813 1518 ullius
847 1468 1139 1531 animalis,
1191 1466 1242 1518 ὃ(
1288 1483 1632 1534 organorum
1669 1466 1925 1533 aptitudo
1961 1469 2153 1588 ιιιιιΙῐῗΙ
2188 1466 2411 1536 perfec-

428 1539 578 1598 tior,
635 1533 1109 1603 deprehendimus
1161 1536 1254 1589 vel
1294 1540 1638 1589 in‘maxime
1689 1536 1822 1588 rudi
1847 1532 2065 1603 ‘lingua
2155 1541 2410 1590 ominum

342 1664 347 1673 f
429 1605 703 1673 :majorem
738 1609 1097 1671 varietatem,
1150 1622 1318 1674 quam
1352 1610 1418 1661 in
1457 1605 1635 1659 ullius
1670 1605 1816 1658 alius
1846 1608 2103 1660 animalis
2134 1621 2303 1661 voce.

1304 1719 1376 1804 §-
1457 1731 1521 1798 9.

430 1890 433 1891 7
598 1824 668 1878 In
703 1806 1000 1879 hominum
1044 1824 1239 1892 lingva
1287 1836 1451 1876 certae
1486 1824 1736 1892 quaedam
1776 1824 2005 1892 syllabae
2052 1837 2214 1893 sunt,
2282 1843 2406 1894 quae

429 1898 610 1948 certas
652 1899 824 1955 animi
860 1892 1182 1946 affectiones
1215 1890 1495 1957 indicant,
1534 1910 1782 1961 quorum
1813 1897 2156 1955 elementum
2191 1898 2407 1964 duplex

433 1975 550 2025 est3
613 1969 820 2031 partim
865 1967 989 2031 ipsa
1023 1962 1341 2032 subjectiva
1376 1960 1633 2027 affecti0‚
1698 1974 1820 2032 quae
1871 1967 2202 2017 naturaliter
2237 1968 2409 2018 talem

429 2048 632 2084 sonum
684 2034 868 2096 elicit,
916 2037 1132 2102 (partim
1167 2037 1498 2087 constitutio
1551 2030 1792 2099 objecti,
1846 2033 1999 2100 quod
2047 2034 2221 2090 homo
2265 2050 2411 2086 voce
2493 2054 2504 2059 ·

431 2106 595 2170 qvasi
639 2102 954 2171 depingere
1005 2114 1262 2172 conatur.
1360 2101 1529 2154 Haud
1570 2113 1757 2154 tamen
1808 2107 1872 2153 in
1923 2108 2079 2155 omni
2125 2104 2410 2173 ejusmodi

428 2172 648 2238 syllaba
685 2185 1005 2239 utrumque·
1036 2172 1147 2225 hoc
1183 2173 1526 2225 elementum
1560 2175 1729 2224 simul
1767 2172 1985 2239 prodit,
2034 2173 2132 2225 sed
2169 2179 2233 2225 in
2266 2190 2413 2225 non-

426 2242 606 2294 nullis
642 2253 860 2294 tantum
891 2241 1034 2303 hoc,
1101 2247 1164 2293 in
1213 2243 1338 2292 aliis
1386 2242 1606 2292 tantum
1640 2241 1804 2297 illud.
1911 2241 1980 2292 In
2013 2258 2155 2295 voce
2191 2242 2409 2306 Kukuk,

431 2327 555 2378 quae
589 2316 652 2364 in
696 2312 889 2365 multis
928 2307 1244 2377 &quidem
1282 2309 1678 2362 diversissimis
1715 2311 1924 2376 lingvis
1965 2316 2243 2378 occurrit,
2302 2317 2438 2374 vixi·

431 2380 906 2449 deprehendimus
955 2383 1072 2432 nisi
1117 2383 1665 2446 onomatopoeticam
1734 2383 2108 2431 imitationem
2177 2380 2407 2449 objecti,

431 2450 573 2502 adeo
608 2450 692 2502 hae
762 2467 880 2514 vox
915 2452 1147 2501 omnino
1197 2465 1273 2501 ex
1306 2452 1622 2508 imitatione
1660 2446 1870 2512 objecti
1906 2448 2140 2501 formata
2179 2463 2260 2502 est
2272 2469 2289 2514 ς
2350 2460 2412 2502 at

350 2535 359 2582 ζ
430 2522 496 2571 in
522 2523 673 2572 inter
700 2517 921 2572 ectione
953 2520 1033 2581 ai,
1067 2527 1201 2586 quae·
1223 2520 1561 2587 plerumque
1593 2517 1847 2569 dolorem
1878 2517 2271 2573 vehementem
2307 2536 2411 2573 ex-

425 2591 654 2656 primit,
697 2590 869 2641 modo
908 2592 1286 2655 comperimus
1319 2603 1520 2638 vocem
1556 2589 1738 2639 veluti
1774 2586 1843 2638 ab
1876 2592 2002 2656 ipso
2054 2588 2249 2641 dolore
2289 2605 2411 2642 cre-

429 2667 577 2710 atam
613 2664 727 2727 'per
759 2659 1200 2711 involuntariam
1240 2656 1363 2709 sere
1415 2666 1584 2725 atque
1622 2656 2028 2726 spasmodicam
2066 2664 2411 2714 contractio·-

428 2742 562 2783 nem
596 2736 938 2799 organorum
974 2728 1230 2796 loqvelae.
1723 2737 1726 2738 ’
2041 2735 2046 2744 “

564 2879 567 2884 ,
601 2817 816 2870 Annot.
881 2813 1056 2866 Multi
1091 2816 1505 2876 existimarunt,
1543 2816 1723 2867 omnis
1750 2813 1954 2881 lingvae
1982 2815 2256 2868 elementa
2285 2827 2407 2868 tan-

498 2894 624 2937 tum
659 2901 780 2937 esse
813 2886 1313 2951 onomatopoesin,
1350 2899 1598 2950 quorum
1633 2888 1959 2952 opinionem
1987 2883 2259 2952 Adelung
2289 2902 2408 2938 ma-

498 2957 657 3007 xime
692 2957 856 3022 sequi
872 2953 1127 3015 videtur,
1164 2956 1267 3019 qui
1296 2967 1429 3004 sane
1466 2953 1829 3024 veliementer
1857 2955 2074 3015 errant3
2117 2970 2243 3006 nam
2267 2973 2408 3024 prae-

499 3032 589 3074 ter
629 3023 1113 3090 onomatopoesin‚
1151 3037 1274 3087 quae
1310 3025 1542 3074 omnino
1573 3021 1854 3091 objectiva
1888 3033 1990 3087 est,
2025 3022 2406 3091 subjectivum

500 3092 659 3145 aliud
692 3104 778 3144 est
809 3094 1013 3158 lingvae
1053 3092 1392 3144 elementum
1427 3095 1490 3142 in
1532 3093 1648 3144 illis
1685 3090 1954 3150 vocibus,
2013 3109 2135 3160 quae
2173 3095 2242 3147 ad
2278 3099 2405 3147 vio-

498 3163 743 3214 lentiora
778 3160 1093 3229 pethemata
1144 3170 1256 3211 tam
1295 3165 1470 3213 animi
1520 3178 1689 3229 quam
1734 3166 1989 3229 corporis
2036 3164 2406 3232 exprimenda

503 3231 864 3294 adhibentur,
900 3229 1293 3294 manifestum,
1329 3232 1493 3298 qvale
1530 3243 1615 3283 est
1650 3230 1755 3283 oh!
1800 3230 1910 3281 uli!
1954 3238 2405 3300 perterritorum,

501 3301 616 3353 ab!
653 3304 977 3354 mirantium
1016 3300 1066 3353 &
1099 3315 1447 3369 quaecunque
1487 3317 1562 3354 ex
1598 3299 1879 3368 ejusmodi
1911 3301 2405 3368 interjectionibus

501 3387 672 3423 voces
720 3369 1056 3422 formantur.
1140 3366 1252 3422 Sed
1300 3386 1428 3422 cum
1463 3374 1526 3422 in
1561 3376 1892 3422 universum
1928 3363 2126 3423 verum
2161 3376 2233 3423 sit
2248 3381 2270 3434 ,“
2317 3369 2406 3423 vi-

492 3445 616 3493 “tam
650 3443 925 3507 primitivi
972 3440 1272 3495 hominum
1324 3443 1548 3506 generis
1595 3444 1773 3507 magis
1821 3438 1998 3493 fuisse
2046 3439 2405 3508 objectivam,

503 3510 616 3561 hoc
651 3514 819 3562 etiam
867 3513 930 3561 in
967 3512 1173 3578 lingvae
1206 3508 1546 3561 formatione
1584 3509 1905 3563 confirmari
1951 3513 2217 3578 cupiunt,
2283 3526 2402 3562 nou

500 3590 822 3646 reputantes
853 3579 1105 3647 lingvam
1139 3582 1382 3630 omnino*
1404 3577 1637 3632 formari
1672 3596 1790 3631 non
1824 3595 2006 3647 posse,
2037 3581 2152 3632 nisi
2188 3577 2238 3632 ὅ(
2259 3577 2402 3633 sub-

497 3649 706 3719 jectiva
739 3653 856 3704 vita
886 3648 1136 3719 hominis
1171 3648 1474 3705 admodum
1508 3655 1585 3705 sit
1622 3646 1928 3705 efformata.
2133 3663 2140 3686 ⁸
2411 3664 2453 3717 ἡ

1283 3782 1346 3867 §-
1432 3794 1536 3870 10.

598 3887 698 3941 Hae
734 3890 965 3957 quidem
999 3888 1228 3956 syllabas
1264 3895 1497 3944 omnino
1532 3884 1945 3943 considerandas
1982 3903 2049 3941 su
2154 3887 2244 3938 uti
2280 3884 2397 3937 ele-

422 3970 610 4013 menta
645 3966 826 4013 omnis
862 3963 1096 4029 lhigvae,
1155 3961 1247 4012 vel
1273 3951 1369 4011 'uti
1404 3962 1593 4028 lingva
1634 3961 1922 4029 primitiva
1968 3956 2008 4008 h
2048 3961 2292 4029 minum,
2343 3950 2395 4005 δε

421 4025 506 4076 hae
544 4045 674 4080 sane
709 4046 906 4097 magna
956 4046 1031 4081 ex
1066 4040 1224 4099 parte
1270 4041 1499 4092 manent
1520 4022 1848 4082 *immutatae
1884 4031 2051 4096 etijun
2087 4031 2148 4078 in
2181 4026 2390 4088 lingvis

416 4099 827 4153 recentioribus
865 4099 915 4152 Sc
949 4099 1230 4162 derivatis,
1268 4115 1470 4151 ‚verum
1504 4097 1553 4151 ὅ(
1586 4097 1830 4168 pers‘aepe
1859 4099 2148 4150 mutantur
2184 4091 2235 4144 &
2262 4107 2388 4142 cor·-

416 4180 760 4238 rumpuntur
795 4169 961 4233 adeo,
999 4180 1063 4222 ut
1098 4170 1369 4223 naturalis
1404 4170 1606 4238 lingvae
1637 4186 1807 4225 sonos
1841 4171 2102 4239 proprios
2134 4168 2197 4221 in
2232 4176 2386 4222 com-t

2501 3589 2520 3618 *x
