<?xml version="1.0" encoding="UTF-8"?>
<!DOCTYPE html PUBLIC "-//W3C//DTD XHTML 1.0 Transitional//EN"
    "http://www.w3.org/TR/xhtml1/DTD/xhtml1-transitional.dtd">
<html xmlns="http://www.w3.org/1999/xhtml" xml:lang="en" lang="en">
 <head>
  <title>
</title>
<meta http-equiv="Content-Type" content="text/html;charset=utf-8" />
  <meta name='ocr-system' content='tesseract 3.04.00' />
  <meta name='ocr-capabilities' content='ocr_page ocr_carea ocr_par ocr_line ocrx_word'/>
</head>
<body>
  <div class='ocr_page' id='page_1' title='image "./desermonetentam00reppgoog_0024.png"; bbox 0 0 2707 4650; ppageno 0'>
   <div class='ocr_carea' id='block_1_1' title="bbox 1278 266 1432 351">
    <p class='ocr_par' dir='ltr' id='par_1_1' title="bbox 1278 266 1432 351">
     <span class='ocr_line' id='line_1_1' title="bbox 1278 266 1432 351; baseline 0 0"><span class='ocrx_word' id='word_1_1' title='bbox 1278 266 1432 351; x_wconf 75' lang='lat'><strong>&#39;14</strong></span> 
     </span>
    </p>
   </div>
   <div class='ocr_carea' id='block_1_2' title="bbox 389 427 2383 643">
    <p class='ocr_par' dir='ltr' id='par_1_2' title="bbox 389 427 2383 643">
     <span class='ocr_line' id='line_1_2' title="bbox 399 427 2382 494; baseline 0.005 -10"><span class='ocrx_word' id='word_1_2' title='bbox 399 430 471 485; x_wconf 75' lang='lat' dir='ltr'><strong>ad</strong></span> <span class='ocrx_word' id='word_1_3' title='bbox 519 430 781 483; x_wconf 82' lang='lat' dir='ltr'><strong>accentus</strong></span> <span class='ocrx_word' id='word_1_4' title='bbox 828 439 1107 485; x_wconf 81' lang='lat' dir='ltr'><strong>naturam.</strong></span> <span class='ocrx_word' id='word_1_5' title='bbox 1195 427 1507 485; x_wconf 85' lang='lat' dir='ltr'><strong>Crassiores</strong></span> <span class='ocrx_word' id='word_1_6' title='bbox 1558 444 1726 485; x_wconf 74' lang='lat' dir='ltr'><strong>certe=</strong></span> <span class='ocrx_word' id='word_1_7' title='bbox 1763 448 2137 490; x_wconf 80' lang='lat' dir='ltr'><strong>consonantes</strong></span> <span class='ocrx_word' id='word_1_8' title='bbox 2169 441 2274 494; x_wconf 76' lang='lat' dir='ltr'><strong>vix.</strong></span> <span class='ocrx_word' id='word_1_9' title='bbox 2312 443 2382 494; x_wconf 85' lang='lat' dir='ltr'><strong>in</strong></span> 
     </span>
     <span class='ocr_line' id='line_1_3' title="bbox 399 496 2383 623; baseline 0.006 -70"><span class='ocrx_word' id='word_1_10' title='bbox 399 503 516 554; x_wconf 83' lang='lat' dir='ltr'><strong>ulla</strong></span> <span class='ocrx_word' id='word_1_11' title='bbox 542 497 787 623; x_wconf 53' lang='lat' dir='ltr'><strong>lsgllaba</strong></span> <span class='ocrx_word' id='word_1_12' title='bbox 837 496 1187 567; x_wconf 82' lang='lat' dir='ltr'><strong>afformativa</strong></span> <span class='ocrx_word' id='word_1_13' title='bbox 1233 506 1556 556; x_wconf 80' lang='lat' dir='ltr'><strong>invenimus</strong></span> <span class='ocrx_word' id='word_1_14' title='bbox 1574 540 1591 568; x_wconf 93' lang='lat'>‚</span> <span class='ocrx_word' id='word_1_15' title='bbox 1635 507 1725 558; x_wconf 88' lang='lat' dir='ltr'><strong>uti</strong></span> <span class='ocrx_word' id='word_1_16' title='bbox 1774 506 1969 560; x_wconf 80' lang='lat' dir='ltr'><strong>literas</strong></span> <span class='ocrx_word' id='word_1_17' title='bbox 2016 507 2051 560; x_wconf 88' lang='lat' dir='ltr'><em>k</em></span> <span class='ocrx_word' id='word_1_18' title='bbox 2084 509 2178 561; x_wconf 76' lang='lat' dir='ltr'><strong>vel</strong></span> <span class='ocrx_word' id='word_1_19' title='bbox 2212 528 2253 580; x_wconf 79' lang='lat' dir='ltr'><strong>g</strong></span> <span class='ocrx_word' id='word_1_20' title='bbox 2284 511 2383 565; x_wconf 77' lang='lat' dir='ltr'><strong>vel</strong></span> 
     </span>
     <span class='ocr_line' id='line_1_4' title="bbox 389 588 2204 643; baseline -0.009 -18"><span class='ocrx_word' id='word_1_21' title='bbox 389 591 434 643; x_wconf 83' lang='lat' dir='ltr'><strong><em>P</em></strong></span> <span class='ocrx_word' id='word_1_22' title='bbox 470 588 539 624; x_wconf 61' lang='lat' dir='ltr'><strong>ve</strong></span> <span class='ocrx_word' id='word_1_23' title='bbox 637 607 652 623; x_wconf 74' lang='lat' dir='ltr'><strong>o</strong></span> <span class='ocrx_word' id='word_1_24' title='bbox 806 594 811 603; x_wconf 74' lang='grc'><em>’</em></span> <span class='ocrx_word' id='word_1_25' title='bbox 1124 596 1125 603; x_wconf 72' lang='grc'>’</span> <span class='ocrx_word' id='word_1_26' title='bbox 2145 614 2148 615; x_wconf 22' lang='lat'><em>⁷</em></span> <span class='ocrx_word' id='word_1_27' title='bbox 2200 601 2204 609; x_wconf 78' lang='grc'>.</span> 
     </span>
    </p>
   </div>
   <div class='ocr_carea' id='block_1_3' title="bbox 344 661 2440 1084">
    <p class='ocr_par' dir='ltr' id='par_1_3' title="bbox 344 661 2440 1084">
     <span class='ocr_line' id='line_1_5' title="bbox 562 661 2440 738; baseline 0.006 -25"><span class='ocrx_word' id='word_1_28' title='bbox 562 662 634 732; x_wconf 74' lang='lat' dir='ltr'><strong>Et</strong></span> <span class='ocrx_word' id='word_1_29' title='bbox 669 663 879 729; x_wconf 78' lang='lat' dir='ltr'><strong>‘procul</strong></span> <span class='ocrx_word' id='word_1_30' title='bbox 926 661 1102 715; x_wconf 90' lang='lat' dir='ltr'><strong>dubio</strong></span> <span class='ocrx_word' id='word_1_31' title='bbox 1148 663 1276 715; x_wconf 86' lang='lat' dir='ltr'><strong>loco</strong></span> <span class='ocrx_word' id='word_1_32' title='bbox 1329 676 1594 731; x_wconf 84' lang='lat' dir='ltr'><strong>accentus</strong></span> <span class='ocrx_word' id='word_1_33' title='bbox 1643 669 1707 719; x_wconf 90' lang='lat' dir='ltr'><strong>in</strong></span> <span class='ocrx_word' id='word_1_34' title='bbox 1754 684 2024 734; x_wconf 89' lang='lat' dir='ltr'><strong>processu</strong></span> <span class='ocrx_word' id='word_1_35' title='bbox 2060 682 2380 738; x_wconf 83' lang='lat' dir='ltr'><strong>temporum</strong></span> <span class='ocrx_word' id='word_1_36' title='bbox 2427 674 2440 683; x_wconf 83' lang='lat'><strong><em>‘</em></strong></span> 
     </span>
     <span class='ocr_line' id='line_1_6' title="bbox 344 732 2379 801; baseline 0.002 -16"><span class='ocrx_word' id='word_1_37' title='bbox 344 774 351 785; x_wconf 75' lang='grc'><em>,</em></span> <span class='ocrx_word' id='word_1_38' title='bbox 399 733 588 785; x_wconf 85' lang='lat' dir='ltr'><strong>multae</strong></span> <span class='ocrx_word' id='word_1_39' title='bbox 625 743 757 783; x_wconf 87' lang='lat' dir='ltr'><strong>sunt</strong></span> <span class='ocrx_word' id='word_1_40' title='bbox 789 732 1040 801; x_wconf 75' lang='lat' dir='ltr'><strong>formatae</strong></span> <span class='ocrx_word' id='word_1_41' title='bbox 1077 736 1243 785; x_wconf 88' lang='lat' dir='ltr'><strong>etiam</strong></span> <span class='ocrx_word' id='word_1_42' title='bbox 1280 746 1542 801; x_wconf 85' lang='lat' dir='ltr'><strong>separatae</strong></span> <span class='ocrx_word' id='word_1_43' title='bbox 1580 752 1746 789; x_wconf 81' lang='lat' dir='ltr'><strong>voces</strong></span> <span class='ocrx_word' id='word_1_44' title='bbox 1781 737 1851 789; x_wconf 88' lang='lat' dir='ltr'><strong>ad</strong></span> <span class='ocrx_word' id='word_1_45' title='bbox 1890 735 2078 792; x_wconf 87' lang='lat' dir='ltr'><strong>affines</strong></span> <span class='ocrx_word' id='word_1_46' title='bbox 2115 744 2379 791; x_wconf 91' lang='lat' dir='ltr'><strong>notiones</strong></span> 
     </span>
     <span class='ocr_line' id='line_1_7' title="bbox 404 801 2383 877; baseline 0.003 -23"><span class='ocrx_word' id='word_1_47' title='bbox 404 801 790 868; x_wconf 85' lang='lat' dir='ltr'><strong>designandas.</strong></span> <span class='ocrx_word' id='word_1_48' title='bbox 884 801 978 855; x_wconf 86' lang='lat' dir='ltr'><strong>Sic</strong></span> <span class='ocrx_word' id='word_1_49' title='bbox 1034 814 1317 854; x_wconf 82' lang='lat' dir='ltr'><strong>accentus</strong></span> <span class='ocrx_word' id='word_1_50' title='bbox 1360 807 1422 854; x_wconf 88' lang='lat' dir='ltr'><strong>in</strong></span> <span class='ocrx_word' id='word_1_51' title='bbox 1478 808 1633 857; x_wconf 82' lang='lat' dir='ltr'><strong>omni</strong></span> <span class='ocrx_word' id='word_1_52' title='bbox 1681 819 1967 859; x_wconf 87' lang='lat' dir='ltr'><strong>momento</strong></span> <span class='ocrx_word' id='word_1_53' title='bbox 2019 820 2102 877; x_wconf 89' lang='lat' dir='ltr'><strong>ap</strong></span> <span class='ocrx_word' id='word_1_54' title='bbox 2131 813 2281 861; x_wconf 88' lang='lat' dir='ltr'><strong>aruit</strong></span> <span class='ocrx_word' id='word_1_55' title='bbox 2332 806 2383 860; x_wconf 84' lang='lat'>&amp;</span> 
     </span>
     <span class='ocr_line' id='line_1_8' title="bbox 399 870 2385 946; baseline 0.004 -24"><span class='ocrx_word' id='word_1_56' title='bbox 399 883 601 941; x_wconf 83' lang='lat' dir='ltr'><strong>praesto</strong></span> <span class='ocrx_word' id='word_1_57' title='bbox 656 870 770 923; x_wconf 87' lang='lat' dir='ltr'><strong>suit</strong></span> <span class='ocrx_word' id='word_1_58' title='bbox 821 883 885 923; x_wconf 90' lang='lat' dir='ltr'><strong>ut</strong></span> <span class='ocrx_word' id='word_1_59' title='bbox 933 872 1111 923; x_wconf 82' lang='lat' dir='ltr'><strong>index</strong></span> <span class='ocrx_word' id='word_1_60' title='bbox 1157 873 1397 925; x_wconf 86' lang='lat' dir='ltr'><strong>literalis</strong></span> <span class='ocrx_word' id='word_1_61' title='bbox 1446 874 1649 940; x_wconf 81' lang='lat' dir='ltr'><strong>lingvae</strong></span> <span class='ocrx_word' id='word_1_62' title='bbox 1685 874 2046 945; x_wconf 76' lang='lat' dir='ltr'><strong>defectuum,</strong></span> <span class='ocrx_word' id='word_1_63' title='bbox 2176 883 2385 946; x_wconf 90' lang='lat' dir='ltr'><strong>partim</strong></span> 
     </span>
     <span class='ocr_line' id='line_1_9' title="bbox 399 943 2387 1014; baseline 0.004 -22"><span class='ocrx_word' id='word_1_64' title='bbox 399 958 505 1010; x_wconf 85' lang='lat' dir='ltr'><strong>per</strong></span> <span class='ocrx_word' id='word_1_65' title='bbox 552 946 742 1009; x_wconf 87' lang='lat' dir='ltr'><strong>ipsum</strong></span> <span class='ocrx_word' id='word_1_66' title='bbox 788 943 1087 992; x_wconf 83' lang='lat' dir='ltr'><strong>monstrata</strong></span> <span class='ocrx_word' id='word_1_67' title='bbox 1137 952 1268 993; x_wconf 86' lang='lat' dir='ltr'><strong>sunt</strong></span> <span class='ocrx_word' id='word_1_68' title='bbox 1295 946 1299 951; x_wconf 88' lang='lat'>&#39;</span> <span class='ocrx_word' id='word_1_69' title='bbox 1322 944 1568 996; x_wconf 89' lang='lat' dir='ltr'><strong>remedia</strong></span> <span class='ocrx_word' id='word_1_70' title='bbox 1615 945 1685 998; x_wconf 86' lang='lat' dir='ltr'><strong>ad</strong></span> <span class='ocrx_word' id='word_1_71' title='bbox 1731 945 1862 998; x_wconf 80' lang='lat' dir='ltr'><strong>illos&#39;</strong></span> <span class='ocrx_word' id='word_1_72' title='bbox 1914 948 2230 1014; x_wconf 80' lang='lat' dir='ltr'><strong>replendos.</strong></span> <span class='ocrx_word' id='word_1_73' title='bbox 2310 947 2387 999; x_wconf 90' lang='lat' dir='ltr'><strong>Et</strong></span> 
     </span>
     <span class='ocr_line' id='line_1_10' title="bbox 362 1011 2384 1084; baseline 0.003 -22"><span class='ocrx_word' id='word_1_74' title='bbox 362 1052 363 1055; x_wconf 16' lang='grc' dir='ltr'>η</span> <span class='ocrx_word' id='word_1_75' title='bbox 397 1028 531 1073; x_wconf 78' lang='lat' dir='ltr'><strong>sane</strong></span> <span class='ocrx_word' id='word_1_76' title='bbox 565 1011 682 1062; x_wconf 84' lang='lat' dir='ltr'><strong>haec</strong></span> <span class='ocrx_word' id='word_1_77' title='bbox 719 1022 979 1062; x_wconf 80' lang='lat' dir='ltr'><strong>accentus</strong></span> <span class='ocrx_word' id='word_1_78' title='bbox 1014 1013 1230 1063; x_wconf 86' lang='lat' dir='ltr'><strong>utilitas</strong></span> <span class='ocrx_word' id='word_1_79' title='bbox 1274 1016 1443 1065; x_wconf 88' lang='lat' dir='ltr'><strong>etiam</strong></span> <span class='ocrx_word' id='word_1_80' title='bbox 1494 1013 1669 1067; x_wconf 90' lang='lat' dir='ltr'><strong>hodie</strong></span> <span class='ocrx_word' id='word_1_81' title='bbox 1700 1019 1772 1083; x_wconf 45' lang='lat' dir='ltr'><strong>in¹</strong></span> <span class='ocrx_word' id='word_1_82' title='bbox 1804 1021 1959 1068; x_wconf 90' lang='lat' dir='ltr'><strong>omni</strong></span> <span class='ocrx_word' id='word_1_83' title='bbox 1985 1018 2178 1084; x_wconf 77' lang='lat' dir='ltr'><strong>lingva</strong></span> <span class='ocrx_word' id='word_1_84' title='bbox 2212 1033 2384 1084; x_wconf 79' lang='lat' dir='ltr'><strong>appa-</strong></span> 
     </span>
    </p>
   </div>
   <div class='ocr_carea' id='block_1_4' title="bbox 395 1080 2470 1155">
    <p class='ocr_par' dir='ltr' id='par_1_4' title="bbox 395 1080 2470 1155">
     <span class='ocr_line' id='line_1_11' title="bbox 395 1080 2470 1155; baseline 0.005 -21"><span class='ocrx_word' id='word_1_85' title='bbox 395 1092 513 1145; x_wconf 86' lang='lat' dir='ltr'><strong>ret,</strong></span> <span class='ocrx_word' id='word_1_86' title='bbox 547 1080 596 1132; x_wconf 86' lang='lat'>&amp;</span> <span class='ocrx_word' id='word_1_87' title='bbox 631 1097 760 1132; x_wconf 89' lang='lat' dir='ltr'><strong>cum</strong></span> <span class='ocrx_word' id='word_1_88' title='bbox 801 1090 1062 1134; x_wconf 87' lang='lat' dir='ltr'><strong>accentus</strong></span> <span class='ocrx_word' id='word_1_89' title='bbox 1099 1086 1174 1133; x_wconf 88' lang='lat' dir='ltr'><strong>sit</strong></span> <span class='ocrx_word' id='word_1_90' title='bbox 1206 1082 1410 1148; x_wconf 82' lang='lat' dir='ltr'><strong>lingvae</strong></span> <span class='ocrx_word' id='word_1_91' title='bbox 1448 1080 1512 1137; x_wconf 74' lang='grc' dir='ltr'><strong>τό</strong></span> <span class='ocrx_word' id='word_1_92' title='bbox 1546 1085 1731 1150; x_wconf 40' lang='grc' dir='ltr'><strong><em>θεῖον,</em></strong></span> <span class='ocrx_word' id='word_1_93' title='bbox 1769 1086 1834 1138; x_wconf 86' lang='lat' dir='ltr'><strong>&#39;ut</strong></span> <span class='ocrx_word' id='word_1_94' title='bbox 1866 1103 1968 1154; x_wconf 87' lang='lat' dir='ltr'><strong>par</strong></span> <span class='ocrx_word' id='word_1_95' title='bbox 2004 1097 2104 1152; x_wconf 87' lang='lat' dir='ltr'><strong>est,</strong></span> <span class='ocrx_word' id='word_1_96' title='bbox 2153 1087 2387 1155; x_wconf 67' lang='lat' dir='ltr'><strong>propeL</strong></span> <span class='ocrx_word' id='word_1_97' title='bbox 2463 1130 2470 1143; x_wconf 90' lang='lat'><em>.</em></span> 
     </span>
    </p>
   </div>
   <div class='ocr_carea' id='block_1_5' title="bbox 401 1147 1592 1224">
    <p class='ocr_par' dir='ltr' id='par_1_5' title="bbox 401 1147 1592 1224">
     <span class='ocr_line' id='line_1_12' title="bbox 401 1147 1592 1224; baseline 0.002 -20"><span class='ocrx_word' id='word_1_98' title='bbox 401 1152 473 1204; x_wconf 90' lang='lat' dir='ltr'><strong>lit</strong></span> <span class='ocrx_word' id='word_1_99' title='bbox 508 1150 744 1203; x_wconf 89' lang='lat' dir='ltr'><strong>eandem</strong></span> <span class='ocrx_word' id='word_1_100' title='bbox 777 1147 826 1201; x_wconf 86' lang='lat'>&amp;</span> <span class='ocrx_word' id='word_1_101' title='bbox 862 1150 1018 1201; x_wconf 83' lang='lat' dir='ltr'><strong>ducit</strong></span> <span class='ocrx_word' id='word_1_102' title='bbox 1053 1150 1123 1202; x_wconf 86' lang='lat' dir='ltr'><strong>ad</strong></span> <span class='ocrx_word' id='word_1_103' title='bbox 1157 1150 1592 1224; x_wconf 72' lang='lat' dir='ltr'><strong>perfectionem.</strong></span> 
     </span>
    </p>
   </div>
   <div class='ocr_carea' id='block_1_6' title="bbox 326 1242 2440 3191">
    <p class='ocr_par' dir='ltr' id='par_1_6' title="bbox 326 1242 2440 3191">
     <span class='ocr_line' id='line_1_13' title="bbox 552 1242 2381 1315; baseline 0.003 -19"><span class='ocrx_word' id='word_1_104' title='bbox 552 1242 940 1296; x_wconf 81' lang='lat' dir='ltr'><strong>Sinesensium</strong></span> <span class='ocrx_word' id='word_1_105' title='bbox 1017 1252 1442 1311; x_wconf 85' lang='lat' dir='ltr'><strong>ceterarumque</strong></span> <span class='ocrx_word' id='word_1_106' title='bbox 1471 1276 1472 1279; x_wconf 61' lang='lat'><em>=</em></span> <span class='ocrx_word' id='word_1_107' title='bbox 1519 1246 1813 1299; x_wconf 82' lang='lat' dir='ltr'><strong>orientalis</strong></span> <span class='ocrx_word' id='word_1_108' title='bbox 1888 1245 2041 1301; x_wconf 79' lang='lat' dir='ltr'><strong>Asiae</strong></span> <span class='ocrx_word' id='word_1_109' title='bbox 2124 1252 2381 1315; x_wconf 83' lang='lat' dir='ltr'><strong>gentium</strong></span> 
     </span>
     <span class='ocr_line' id='line_1_14' title="bbox 392 1311 2384 1384; baseline 0.001 -17"><span class='ocrx_word' id='word_1_110' title='bbox 392 1328 578 1368; x_wconf 82' lang='lat' dir='ltr'><strong>sermo</strong></span> <span class='ocrx_word' id='word_1_111' title='bbox 618 1327 882 1379; x_wconf 83' lang='lat' dir='ltr'><strong>magnum</strong></span> <span class='ocrx_word' id='word_1_112' title='bbox 919 1311 1322 1371; x_wconf 79' lang='lat' dir='ltr'><strong>documentum</strong></span> <span class='ocrx_word' id='word_1_113' title='bbox 1372 1325 1457 1366; x_wconf 91' lang='lat' dir='ltr'><strong>est</strong></span> <span class='ocrx_word' id='word_1_114' title='bbox 1489 1315 1559 1366; x_wconf 89' lang='lat' dir='ltr'><strong>ad</strong></span> <span class='ocrx_word' id='word_1_115' title='bbox 1597 1327 1841 1367; x_wconf 87' lang='lat' dir='ltr'><strong>nostram</strong></span> <span class='ocrx_word' id='word_1_116' title='bbox 1876 1322 2208 1384; x_wconf 85' lang='lat' dir='ltr'><strong>opinionem</strong></span> <span class='ocrx_word' id='word_1_117' title='bbox 2244 1336 2384 1371; x_wconf 88' lang='lat' dir='ltr'><strong>con-</strong></span> 
     </span>
     <span class='ocr_line' id='line_1_15' title="bbox 345 1380 2380 1450; baseline 0.002 -15"><span class='ocrx_word' id='word_1_118' title='bbox 345 1409 352 1427; x_wconf 49' lang='lat' dir='ltr'>x</span> <span class='ocrx_word' id='word_1_119' title='bbox 393 1382 741 1444; x_wconf 82' lang='lat' dir='ltr'><strong>firmandam,</strong></span> <span class='ocrx_word' id='word_1_120' title='bbox 773 1380 1216 1447; x_wconf 84' lang='lat' dir='ltr'><strong>monosyllabica</strong></span> <span class='ocrx_word' id='word_1_121' title='bbox 1253 1387 1404 1435; x_wconf 88' lang='lat' dir='ltr'><strong>enim</strong></span> <span class='ocrx_word' id='word_1_122' title='bbox 1431 1384 1666 1435; x_wconf 88' lang='lat' dir='ltr'><strong>illorum</strong></span> <span class='ocrx_word' id='word_1_123' title='bbox 1702 1387 1895 1450; x_wconf 81' lang='lat' dir='ltr'><strong>lingva</strong></span> <span class='ocrx_word' id='word_1_124' title='bbox 1927 1382 2237 1442; x_wconf 85' lang='lat' dir='ltr'><strong>literaliu&#39;m</strong></span> <span class='ocrx_word' id='word_1_125' title='bbox 2278 1405 2380 1441; x_wconf 79' lang='lat' dir='ltr'><strong>vo-</strong></span> 
     </span>
     <span class='ocr_line' id='line_1_16' title="bbox 392 1449 2383 1522; baseline 0.003 -18"><span class='ocrx_word' id='word_1_126' title='bbox 392 1469 525 1504; x_wconf 89' lang='lat' dir='ltr'><strong>cum</strong></span> <span class='ocrx_word' id='word_1_127' title='bbox 565 1449 867 1504; x_wconf 81' lang='lat' dir='ltr'><strong>admodum</strong></span> <span class='ocrx_word' id='word_1_128' title='bbox 917 1462 1001 1502; x_wconf 90' lang='lat' dir='ltr'><strong>est</strong></span> <span class='ocrx_word' id='word_1_129' title='bbox 1036 1455 1219 1518; x_wconf 89' lang='lat' dir='ltr'><strong>inops,</strong></span> <span class='ocrx_word' id='word_1_130' title='bbox 1258 1449 1309 1502; x_wconf 81' lang='lat'>&amp;</span> <span class='ocrx_word' id='word_1_131' title='bbox 1347 1452 1492 1504; x_wconf 88' lang='lat' dir='ltr'><strong>hanc</strong></span> <span class='ocrx_word' id='word_1_132' title='bbox 1531 1451 1605 1505; x_wconf 91' lang='lat' dir='ltr'><strong>ob</strong></span> <span class='ocrx_word' id='word_1_133' title='bbox 1639 1468 1758 1506; x_wconf 86' lang='lat' dir='ltr'><strong>rem</strong></span> <span class='ocrx_word' id='word_1_134' title='bbox 1788 1457 1851 1504; x_wconf 90' lang='lat' dir='ltr'><strong>in</strong></span> <span class='ocrx_word' id='word_1_135' title='bbox 1885 1452 2084 1522; x_wconf 77' lang='lat' dir='ltr'><strong>primo·</strong></span> <span class='ocrx_word' id='word_1_136' title='bbox 2106 1457 2219 1522; x_wconf 86' lang='lat' dir='ltr'><strong>jam</strong></span> <span class='ocrx_word' id='word_1_137' title='bbox 2262 1456 2383 1510; x_wconf 85' lang='lat' dir='ltr'><strong>for-</strong></span> 
     </span>
     <span class='ocr_line' id='line_1_17' title="bbox 391 1521 2385 1594; baseline 0.002 -19"><span class='ocrx_word' id='word_1_138' title='bbox 391 1527 655 1575; x_wconf 84' lang='lat' dir='ltr'><strong>mationis</strong></span> <span class='ocrx_word' id='word_1_139' title='bbox 691 1521 872 1573; x_wconf 90' lang='lat' dir='ltr'><strong>stadio</strong></span> <span class='ocrx_word' id='word_1_140' title='bbox 923 1525 1228 1572; x_wconf 83' lang='lat' dir='ltr'><strong>consistere</strong></span> <span class='ocrx_word' id='word_1_141' title='bbox 1270 1523 1550 1575; x_wconf 88' lang='lat' dir='ltr'><strong>censenda</strong></span> <span class='ocrx_word' id='word_1_142' title='bbox 1584 1534 1686 1589; x_wconf 88' lang='lat' dir='ltr'><strong>est,</strong></span> <span class='ocrx_word' id='word_1_143' title='bbox 1732 1523 1831 1576; x_wconf 88' lang='lat' dir='ltr'><strong>sed</strong></span> <span class='ocrx_word' id='word_1_144' title='bbox 1870 1532 2207 1580; x_wconf 81' lang='lat' dir='ltr'><strong>accentuum</strong></span> <span class='ocrx_word' id='word_1_145' title='bbox 2242 1542 2385 1594; x_wconf 85' lang='lat' dir='ltr'><strong>gau-</strong></span> 
     </span>
     <span class='ocr_line' id='line_1_18' title="bbox 397 1590 2434 1659; baseline 0.001 -14"><span class='ocrx_word' id='word_1_146' title='bbox 397 1594 492 1645; x_wconf 88' lang='lat' dir='ltr'><strong>det</strong></span> <span class='ocrx_word' id='word_1_147' title='bbox 535 1596 806 1645; x_wconf 87' lang='lat' dir='ltr'><strong>immensa</strong></span> <span class='ocrx_word' id='word_1_148' title='bbox 857 1595 1147 1654; x_wconf 82' lang='lat' dir='ltr'><strong>varietate,</strong></span> <span class='ocrx_word' id='word_1_149' title='bbox 1199 1607 1312 1659; x_wconf 88' lang='lat' dir='ltr'><strong>qua</strong></span> <span class='ocrx_word' id='word_1_150' title='bbox 1360 1593 1667 1645; x_wconf 87' lang='lat' dir='ltr'><strong>literalium</strong></span> <span class='ocrx_word' id='word_1_151' title='bbox 1707 1590 1915 1645; x_wconf 76' lang='lat' dir='ltr'><strong>&#39;vocum</strong></span> <span class='ocrx_word' id='word_1_152' title='bbox 1952 1591 2001 1644; x_wconf 86' lang='lat'>&amp;</span> <span class='ocrx_word' id='word_1_153' title='bbox 2035 1595 2384 1659; x_wconf 80' lang='lat' dir='ltr'><strong>syllabarum</strong></span> <span class='ocrx_word' id='word_1_154' title='bbox 2431 1648 2434 1655; x_wconf 75' lang='grc'><strong>,</strong></span> 
     </span>
     <span class='ocr_line' id='line_1_19' title="bbox 352 1656 2381 1732; baseline 0.002 -20"><span class='ocrx_word' id='word_1_155' title='bbox 352 1710 362 1727; x_wconf 7' lang='grc' dir='ltr'><strong>ἵ,</strong></span> <span class='ocrx_word' id='word_1_156' title='bbox 395 1660 651 1714; x_wconf 85' lang='lat' dir='ltr'><strong>defectus</strong></span> <span class='ocrx_word' id='word_1_157' title='bbox 691 1671 1106 1727; x_wconf 85' lang='lat' dir='ltr'><strong>compensatur,</strong></span> <span class='ocrx_word' id='word_1_158' title='bbox 1142 1656 1210 1723; x_wconf 67' lang='grc' dir='ltr'><strong>ἃ,</strong></span> <span class='ocrx_word' id='word_1_159' title='bbox 1244 1673 1311 1713; x_wconf 89' lang='lat' dir='ltr'><strong>ut</strong></span> <span class='ocrx_word' id='word_1_160' title='bbox 1345 1662 1500 1723; x_wconf 84' lang='lat' dir='ltr'><strong>docti</strong></span> <span class='ocrx_word' id='word_1_161' title='bbox 1534 1660 1825 1729; x_wconf 87' lang='lat' dir='ltr'><strong>referunt,</strong></span> <span class='ocrx_word' id='word_1_162' title='bbox 1863 1662 2016 1730; x_wconf 86' lang='lat' dir='ltr'><strong>apud</strong></span> <span class='ocrx_word' id='word_1_163' title='bbox 2046 1663 2147 1716; x_wconf 82' lang='lat' dir='ltr'><strong>has</strong></span> <span class='ocrx_word' id='word_1_164' title='bbox 2182 1676 2381 1732; x_wconf 85' lang='lat' dir='ltr'><strong>gentes</strong></span> 
     </span>
     <span class='ocr_line' id='line_1_20' title="bbox 388 1734 2385 1802; baseline 0.001 -17"><span class='ocrx_word' id='word_1_165' title='bbox 388 1743 663 1785; x_wconf 81' lang='lat' dir='ltr'><strong>‚accentus</strong></span> <span class='ocrx_word' id='word_1_166' title='bbox 716 1736 839 1783; x_wconf 81' lang='lat' dir='ltr'><strong>veri</strong></span> <span class='ocrx_word' id='word_1_167' title='bbox 883 1734 1130 1781; x_wconf 87' lang='lat' dir='ltr'><strong>nominis</strong></span> <span class='ocrx_word' id='word_1_168' title='bbox 1184 1740 1445 1783; x_wconf 81' lang='lat' dir='ltr'><strong>accentus</strong></span> <span class='ocrx_word' id='word_1_169' title='bbox 1482 1742 1597 1795; x_wconf 89' lang='lat' dir='ltr'><strong>est,</strong></span> <span class='ocrx_word' id='word_1_170' title='bbox 1646 1749 1763 1783; x_wconf 90' lang='lat' dir='ltr'><strong>non</strong></span> <span class='ocrx_word' id='word_1_171' title='bbox 1799 1737 1951 1784; x_wconf 89' lang='lat' dir='ltr'><strong>enim</strong></span> <span class='ocrx_word' id='word_1_172' title='bbox 1986 1738 2219 1787; x_wconf 88' lang='lat' dir='ltr'><strong>omnino</strong></span> <span class='ocrx_word' id='word_1_173' title='bbox 2255 1737 2385 1802; x_wconf 86' lang='lat' dir='ltr'><strong>capi</strong></span> 
     </span>
     <span class='ocr_line' id='line_1_21' title="bbox 394 1798 2383 1871; baseline 0.002 -18"><span class='ocrx_word' id='word_1_174' title='bbox 394 1813 614 1871; x_wconf 72' lang='lat' dir='ltr'><strong>potest,</strong></span> <span class='ocrx_word' id='word_1_175' title='bbox 653 1804 768 1852; x_wconf 90' lang='lat' dir='ltr'><strong>nisi</strong></span> <span class='ocrx_word' id='word_1_176' title='bbox 802 1818 835 1851; x_wconf 89' lang='lat' dir='ltr'><strong>a</strong></span> <span class='ocrx_word' id='word_1_177' title='bbox 870 1803 1096 1850; x_wconf 77' lang='lat' dir='ltr'><strong>musicae</strong></span> <span class='ocrx_word' id='word_1_178' title='bbox 1132 1805 1266 1851; x_wconf 89' lang='lat' dir='ltr'><strong>artis</strong></span> <span class='ocrx_word' id='word_1_179' title='bbox 1303 1804 1534 1867; x_wconf 86' lang='lat' dir='ltr'><strong>peritis,</strong></span> <span class='ocrx_word' id='word_1_180' title='bbox 1590 1798 1640 1851; x_wconf 73' lang='grc' dir='ltr'><strong>ὅ(</strong></span> <span class='ocrx_word' id='word_1_181' title='bbox 1674 1817 1793 1852; x_wconf 87' lang='lat' dir='ltr'><strong>non</strong></span> <span class='ocrx_word' id='word_1_182' title='bbox 1826 1800 2015 1854; x_wconf 88' lang='lat' dir='ltr'><strong>affines</strong></span> <span class='ocrx_word' id='word_1_183' title='bbox 2051 1819 2219 1855; x_wconf 79' lang='lat' dir='ltr'><strong>voces</strong></span> <span class='ocrx_word' id='word_1_184' title='bbox 2258 1804 2383 1856; x_wconf 84' lang='lat' dir='ltr'><strong>tan-</strong></span> 
     </span>
     <span class='ocr_line' id='line_1_22' title="bbox 389 1866 2383 1937; baseline 0.002 -14"><span class='ocrx_word' id='word_1_185' title='bbox 389 1883 517 1924; x_wconf 89' lang='lat' dir='ltr'><strong>tum</strong></span> <span class='ocrx_word' id='word_1_186' title='bbox 569 1880 804 1922; x_wconf 87' lang='lat' dir='ltr'><strong>accentu</strong></span> <span class='ocrx_word' id='word_1_187' title='bbox 852 1868 1223 1933; x_wconf 81' lang='lat' dir='ltr'><strong>distingvunt,</strong></span> <span class='ocrx_word' id='word_1_188' title='bbox 1272 1884 1471 1926; x_wconf 75' lang='lat' dir='ltr'><strong>verum</strong></span> <span class='ocrx_word' id='word_1_189' title='bbox 1523 1866 1573 1919; x_wconf 74' lang='lat'><strong>8&lt;</strong></span> <span class='ocrx_word' id='word_1_190' title='bbox 1606 1870 1778 1933; x_wconf 80' lang='lat' dir='ltr'><strong>tales,</strong></span> <span class='ocrx_word' id='word_1_191' title='bbox 1826 1886 2068 1937; x_wconf 75' lang='lat' dir='ltr'><strong>quarum</strong></span> <span class='ocrx_word' id='word_1_192' title='bbox 2117 1877 2383 1926; x_wconf 79' lang='lat' dir='ltr'><strong>notiones</strong></span> 
     </span>
     <span class='ocr_line' id='line_1_23' title="bbox 390 1936 2381 2009; baseline 0.001 -15"><span class='ocrx_word' id='word_1_193' title='bbox 390 1958 466 1994; x_wconf 81' lang='lat' dir='ltr'><strong>ne</strong></span> <span class='ocrx_word' id='word_1_194' title='bbox 503 1943 801 1991; x_wconf 87' lang='lat' dir='ltr'><strong>minimum</strong></span> <span class='ocrx_word' id='word_1_195' title='bbox 832 1936 1061 2004; x_wconf 87' lang='lat' dir='ltr'><strong>quidem</strong></span> <span class='ocrx_word' id='word_1_196' title='bbox 1097 1947 1343 2003; x_wconf 75' lang='lat' dir='ltr'><strong>cognatae</strong></span> <span class='ocrx_word' id='word_1_197' title='bbox 1377 1937 1671 2000; x_wconf 58' lang='lat' dir='ltr'><strong>videntum</strong></span> <span class='ocrx_word' id='word_1_198' title='bbox 1716 1937 1766 1991; x_wconf 84' lang='lat'>&amp;</span> <span class='ocrx_word' id='word_1_199' title='bbox 1800 1951 2061 1992; x_wconf 88' lang='lat' dir='ltr'><strong>accentus</strong></span> <span class='ocrx_word' id='word_1_200' title='bbox 2093 1942 2243 2009; x_wconf 90' lang='lat' dir='ltr'><strong>apud</strong></span> <span class='ocrx_word' id='word_1_201' title='bbox 2278 1941 2381 1995; x_wconf 82' lang='lat' dir='ltr'><strong>has</strong></span> 
     </span>
     <span class='ocr_line' id='line_1_24' title="bbox 394 2006 2440 2079; baseline 0.001 -17"><span class='ocrx_word' id='word_1_202' title='bbox 394 2021 625 2079; x_wconf 87' lang='lat' dir='ltr'><strong>gentes,</strong></span> <span class='ocrx_word' id='word_1_203' title='bbox 670 2010 925 2076; x_wconf 83' lang='lat' dir='ltr'><strong>quamvis</strong></span> <span class='ocrx_word' id='word_1_204' title='bbox 979 2009 1134 2058; x_wconf 89' lang='lat' dir='ltr'><strong>omni</strong></span> <span class='ocrx_word' id='word_1_205' title='bbox 1187 2007 1358 2058; x_wconf 88' lang='lat' dir='ltr'><strong>modo</strong></span> <span class='ocrx_word' id='word_1_206' title='bbox 1394 2012 1648 2071; x_wconf 73' lang='lat' dir='ltr'><strong>varians,</strong></span> <span class='ocrx_word' id='word_1_207' title='bbox 1681 2024 1769 2060; x_wconf 83' lang='lat' dir='ltr'><strong>-ne</strong></span> <span class='ocrx_word' id='word_1_208' title='bbox 1803 2006 2009 2061; x_wconf 88' lang='lat' dir='ltr'><strong>sufficit</strong></span> <span class='ocrx_word' id='word_1_209' title='bbox 2044 2010 2275 2078; x_wconf 84' lang='lat' dir='ltr'><strong>quidem</strong></span> <span class='ocrx_word' id='word_1_210' title='bbox 2309 2011 2381 2064; x_wconf 88' lang='lat' dir='ltr'><strong>ad</strong></span> <span class='ocrx_word' id='word_1_211' title='bbox 2437 2044 2440 2045; x_wconf 28' lang='grc' dir='ltr'><em>ν</em></span> 
     </span>
     <span class='ocr_line' id='line_1_25' title="bbox 393 2075 2381 2146; baseline -0.001 -12"><span class='ocrx_word' id='word_1_212' title='bbox 393 2075 711 2145; x_wconf 84' lang='lat' dir='ltr'><strong>sermonem</strong></span> <span class='ocrx_word' id='word_1_213' title='bbox 748 2080 1128 2146; x_wconf 63' lang='lat' dir='ltr'><strong>‘perspicuum</strong></span> <span class='ocrx_word' id='word_1_214' title='bbox 1175 2076 1553 2140; x_wconf 83' lang='lat' dir='ltr'><strong>reddendum,</strong></span> <span class='ocrx_word' id='word_1_215' title='bbox 1616 2077 1716 2130; x_wconf 87' lang='lat' dir='ltr'><strong>sed</strong></span> <span class='ocrx_word' id='word_1_216' title='bbox 1760 2079 2014 2144; x_wconf 83' lang='lat' dir='ltr'><strong>gestibus</strong></span> <span class='ocrx_word' id='word_1_217' title='bbox 2064 2084 2381 2134; x_wconf 84' lang='lat' dir='ltr'><strong>innumeris</strong></span> 
     </span>
     <span class='ocr_line' id='line_1_26' title="bbox 392 2144 2381 2215; baseline -0.001 -12"><span class='ocrx_word' id='word_1_218' title='bbox 392 2149 444 2204; x_wconf 70' lang='grc' dir='ltr'>ἃ</span> <span class='ocrx_word' id='word_1_219' title='bbox 479 2145 936 2202; x_wconf 86' lang='lat' dir='ltr'><strong>contorsionibus</strong></span> <span class='ocrx_word' id='word_1_220' title='bbox 982 2144 1150 2198; x_wconf 83' lang='lat' dir='ltr'><strong>faciei</strong></span> <span class='ocrx_word' id='word_1_221' title='bbox 1185 2144 1530 2211; x_wconf 84' lang='lat' dir='ltr'><strong>multifariis,</strong></span> <span class='ocrx_word' id='word_1_222' title='bbox 1568 2147 1693 2212; x_wconf 82' lang='lat' dir='ltr'><strong>ejus</strong></span> <span class='ocrx_word' id='word_1_223' title='bbox 1732 2152 1899 2214; x_wconf 84' lang='lat' dir='ltr'><strong>atque</strong></span> <span class='ocrx_word' id='word_1_224' title='bbox 1941 2150 2146 2215; x_wconf 75' lang='lat' dir='ltr'><strong>lingvae</strong></span> <span class='ocrx_word' id='word_1_225' title='bbox 2183 2150 2381 2202; x_wconf 72' lang='lat' dir='ltr'><strong>defec-</strong></span> 
     </span>
     <span class='ocr_line' id='line_1_27' title="bbox 392 2213 2383 2286; baseline 0 -13"><span class='ocrx_word' id='word_1_226' title='bbox 392 2224 484 2272; x_wconf 87' lang='lat' dir='ltr'><strong>tui</strong></span> <span class='ocrx_word' id='word_1_227' title='bbox 519 2220 891 2286; x_wconf 87' lang='lat' dir='ltr'><strong>opitulantur,</strong></span> <span class='ocrx_word' id='word_1_228' title='bbox 927 2215 976 2267; x_wconf 74' lang='grc' dir='ltr'><strong>ὅ(</strong></span> <span class='ocrx_word' id='word_1_229' title='bbox 1012 2216 1238 2282; x_wconf 75' lang='lat' dir='ltr'><strong>quando</strong></span> <span class='ocrx_word' id='word_1_230' title='bbox 1272 2215 1389 2268; x_wconf 83' lang='lat' dir='ltr'><strong>haec</strong></span> <span class='ocrx_word' id='word_1_231' title='bbox 1428 2233 1629 2282; x_wconf 87' lang='lat' dir='ltr'><strong>parum</strong></span> <span class='ocrx_word' id='word_1_232' title='bbox 1664 2213 1967 2282; x_wconf 81' lang='lat' dir='ltr'><strong>sufficiunt,</strong></span> <span class='ocrx_word' id='word_1_233' title='bbox 2007 2217 2383 2273; x_wconf 72' lang='lat' dir='ltr'><strong>ductus&#39;cha-</strong></span> 
     </span>
     <span class='ocr_line' id='line_1_28' title="bbox 336 2284 2382 2357; baseline -0.001 -13"><span class='ocrx_word' id='word_1_234' title='bbox 336 2337 349 2357; x_wconf 70' lang='grc'>,</span> <span class='ocrx_word' id='word_1_235' title='bbox 390 2294 625 2344; x_wconf 84' lang='lat' dir='ltr'><strong>racteris</strong></span> <span class='ocrx_word' id='word_1_236' title='bbox 676 2288 864 2352; x_wconf 89' lang='lat' dir='ltr'><strong>illius,</strong></span> <span class='ocrx_word' id='word_1_237' title='bbox 949 2301 1071 2352; x_wconf 75' lang='lat' dir='ltr'><strong>quas</strong></span> <span class='ocrx_word' id='word_1_238' title='bbox 1133 2284 1504 2354; x_wconf 82' lang='lat' dir='ltr'><strong>exprimenda</strong></span> <span class='ocrx_word' id='word_1_239' title='bbox 1568 2296 1684 2352; x_wconf 88' lang='lat' dir='ltr'><strong>est,</strong></span> <span class='ocrx_word' id='word_1_240' title='bbox 1732 2290 1920 2350; x_wconf 74' lang='lat' dir='ltr'><strong>vocis,</strong></span> <span class='ocrx_word' id='word_1_241' title='bbox 2000 2286 2180 2354; x_wconf 87' lang='lat' dir='ltr'><strong>digito</strong></span> <span class='ocrx_word' id='word_1_242' title='bbox 2215 2306 2382 2342; x_wconf 88' lang='lat' dir='ltr'><strong>mon-</strong></span> 
     </span>
     <span class='ocr_line' id='line_1_29' title="bbox 397 2353 2381 2423; baseline -0.001 -11"><span class='ocrx_word' id='word_1_243' title='bbox 397 2369 574 2413; x_wconf 87' lang='lat' dir='ltr'><strong>strant</strong></span> <span class='ocrx_word' id='word_1_244' title='bbox 620 2361 695 2410; x_wconf 81' lang='lat' dir='ltr'><strong>in&#39;</strong></span> <span class='ocrx_word' id='word_1_245' title='bbox 733 2372 880 2408; x_wconf 88' lang='lat' dir='ltr'><strong>aere.</strong></span> <span class='ocrx_word' id='word_1_246' title='bbox 965 2353 1060 2405; x_wconf 87' lang='lat' dir='ltr'><strong>Sic</strong></span> <span class='ocrx_word' id='word_1_247' title='bbox 1109 2355 1201 2405; x_wconf 89' lang='lat' dir='ltr'><strong>illi</strong></span> <span class='ocrx_word' id='word_1_248' title='bbox 1249 2356 1482 2421; x_wconf 88' lang='lat' dir='ltr'><strong>quidem</strong></span> <span class='ocrx_word' id='word_1_249' title='bbox 1533 2356 1859 2422; x_wconf 79' lang='lat' dir='ltr'><strong>exemplum</strong></span> <span class='ocrx_word' id='word_1_250' title='bbox 1910 2354 2158 2423; x_wconf 84' lang='lat' dir='ltr'><strong>praebent</strong></span> <span class='ocrx_word' id='word_1_251' title='bbox 2191 2356 2381 2412; x_wconf 86' lang='lat' dir='ltr'><strong>hom&#39;i-</strong></span> 
     </span>
     <span class='ocr_line' id='line_1_30' title="bbox 392 2422 2380 2495; baseline -0.002 -13"><span class='ocrx_word' id='word_1_252' title='bbox 392 2447 561 2494; x_wconf 87' lang='lat' dir='ltr'><strong>num,</strong></span> <span class='ocrx_word' id='word_1_253' title='bbox 609 2442 752 2495; x_wconf 88' lang='lat' dir='ltr'><strong>quos</strong></span> <span class='ocrx_word' id='word_1_254' title='bbox 807 2434 1068 2477; x_wconf 85' lang='lat' dir='ltr'><strong>accentus</strong></span> <span class='ocrx_word' id='word_1_255' title='bbox 1119 2439 1236 2474; x_wconf 89' lang='lat' dir='ltr'><strong>non</strong></span> <span class='ocrx_word' id='word_1_256' title='bbox 1285 2424 1518 2475; x_wconf 85' lang='lat' dir='ltr'><strong>induxit</strong></span> <span class='ocrx_word' id='word_1_257' title='bbox 1566 2423 1635 2474; x_wconf 93' lang='lat' dir='ltr'><strong>ad</strong></span> <span class='ocrx_word' id='word_1_258' title='bbox 1671 2425 1927 2492; x_wconf 85' lang='lat' dir='ltr'><strong>linguam</strong></span> <span class='ocrx_word' id='word_1_259' title='bbox 1962 2422 2380 2495; x_wconf 82' lang='lat' dir='ltr'><strong>efformandam‚</strong></span> 
     </span>
     <span class='ocr_line' id='line_1_31' title="bbox 395 2491 2379 2563; baseline -0.002 -10"><span class='ocrx_word' id='word_1_260' title='bbox 395 2514 610 2559; x_wconf 36' lang='lat' dir='ltr'><strong>verum„</strong></span> <span class='ocrx_word' id='word_1_261' title='bbox 633 2496 743 2547; x_wconf 90' lang='lat' dir='ltr'><strong>hoc</strong></span> <span class='ocrx_word' id='word_1_262' title='bbox 781 2494 1058 2563; x_wconf 84' lang='lat' dir='ltr'><strong>peculiari</strong></span> <span class='ocrx_word' id='word_1_263' title='bbox 1085 2491 1317 2545; x_wconf 57' lang='lat' dir='ltr'><strong>cuidam</strong></span> <span class='ocrx_word' id='word_1_264' title='bbox 1347 2491 1684 2545; x_wconf 87' lang='lat' dir='ltr'><strong>hebetudini</strong></span> <span class='ocrx_word' id='word_1_265' title='bbox 1722 2491 1772 2546; x_wconf 83' lang='lat'>&amp;</span> <span class='ocrx_word' id='word_1_266' title='bbox 1803 2498 2041 2561; x_wconf 82' lang='lat' dir='ltr'><strong>ignaviae</strong></span> <span class='ocrx_word' id='word_1_267' title='bbox 2079 2506 2163 2547; x_wconf 90' lang='lat' dir='ltr'><strong>est</strong></span> <span class='ocrx_word' id='word_1_268' title='bbox 2200 2499 2379 2551; x_wconf 76' lang='lat' dir='ltr'><strong>aseri-</strong></span> 
     </span>
     <span class='ocr_line' id='line_1_32' title="bbox 392 2560 2376 2632; baseline -0.002 -11"><span class='ocrx_word' id='word_1_269' title='bbox 392 2568 676 2630; x_wconf 84' lang='lat' dir='ltr'><strong>bendum,</strong></span> <span class='ocrx_word' id='word_1_270' title='bbox 733 2582 855 2631; x_wconf 84' lang='lat' dir='ltr'><strong>quae</strong></span> <span class='ocrx_word' id='word_1_271' title='bbox 889 2567 953 2613; x_wconf 90' lang='lat' dir='ltr'><strong>in</strong></span> <span class='ocrx_word' id='word_1_272' title='bbox 997 2560 1294 2629; x_wconf 85' lang='lat' dir='ltr'><strong>gentibus,</strong></span> <span class='ocrx_word' id='word_1_273' title='bbox 1360 2561 1746 2631; x_wconf 82' lang='lat' dir='ltr'><strong>voluptatibus</strong></span> <span class='ocrx_word' id='word_1_274' title='bbox 1798 2571 2092 2632; x_wconf 83' lang='lat' dir='ltr'><strong>tantopere</strong></span> <span class='ocrx_word' id='word_1_275' title='bbox 2151 2565 2376 2630; x_wconf 87' lang='lat' dir='ltr'><strong>deditis,</strong></span> 
     </span>
     <span class='ocr_line' id='line_1_33' title="bbox 393 2630 2380 2699; baseline -0.002 -7"><span class='ocrx_word' id='word_1_276' title='bbox 393 2637 645 2692; x_wconf 87' lang='lat' dir='ltr'><strong>miranda</strong></span> <span class='ocrx_word' id='word_1_277' title='bbox 665 2651 799 2686; x_wconf 79' lang='lat' dir='ltr'><strong>·non</strong></span> <span class='ocrx_word' id='word_1_278' title='bbox 835 2641 946 2692; x_wconf 85' lang='lat' dir='ltr'><strong>est3</strong></span> <span class='ocrx_word' id='word_1_279' title='bbox 986 2630 1035 2683; x_wconf 77' lang='grc' dir='ltr'><strong>ὃ(</strong></span> <span class='ocrx_word' id='word_1_280' title='bbox 1077 2636 1334 2699; x_wconf 86' lang='lat' dir='ltr'><strong>quamvis</strong></span> <span class='ocrx_word' id='word_1_281' title='bbox 1370 2636 1653 2684; x_wconf 80' lang='lat' dir='ltr'><strong>variarum</strong></span> <span class='ocrx_word' id='word_1_282' title='bbox 1685 2637 1890 2686; x_wconf 86' lang='lat' dir='ltr'><strong>artium</strong></span> <span class='ocrx_word' id='word_1_283' title='bbox 1924 2634 2380 2690; x_wconf 86' lang='lat' dir='ltr'><strong>mechanicarum</strong></span> 
     </span>
     <span class='ocr_line' id='line_1_34' title="bbox 393 2701 2379 2776; baseline -0.001 -17"><span class='ocrx_word' id='word_1_284' title='bbox 393 2713 538 2763; x_wconf 85' lang='lat' dir='ltr'><strong>mire</strong></span> <span class='ocrx_word' id='word_1_285' title='bbox 587 2708 760 2776; x_wconf 90' lang='lat' dir='ltr'><strong>periti</strong></span> <span class='ocrx_word' id='word_1_286' title='bbox 812 2709 956 2764; x_wconf 89' lang='lat' dir='ltr'><strong>sint,</strong></span> <span class='ocrx_word' id='word_1_287' title='bbox 1002 2706 1187 2752; x_wconf 89' lang='lat' dir='ltr'><strong>omni&#39;a</strong></span> <span class='ocrx_word' id='word_1_288' title='bbox 1223 2712 1445 2763; x_wconf 89' lang='lat' dir='ltr'><strong>tamen,</strong></span> <span class='ocrx_word' id='word_1_289' title='bbox 1489 2718 1611 2769; x_wconf 83' lang='lat' dir='ltr'><strong>quae</strong></span> <span class='ocrx_word' id='word_1_290' title='bbox 1649 2701 1717 2753; x_wconf 90' lang='lat' dir='ltr'><strong>de</strong></span> <span class='ocrx_word' id='word_1_291' title='bbox 1752 2705 1985 2758; x_wconf 86' lang='lat' dir='ltr'><strong>illoru&#39;m</strong></span> <span class='ocrx_word' id='word_1_292' title='bbox 2021 2708 2136 2756; x_wconf 82' lang='lat' dir='ltr'><strong>vita</strong></span> <span class='ocrx_word' id='word_1_293' title='bbox 2166 2702 2215 2756; x_wconf 85' lang='lat'>&amp;</span> <span class='ocrx_word' id='word_1_294' title='bbox 2254 2722 2379 2757; x_wconf 87' lang='lat' dir='ltr'><strong>mo·-</strong></span> 
     </span>
     <span class='ocr_line' id='line_1_35' title="bbox 389 2771 2375 2842; baseline -0.002 -12"><span class='ocrx_word' id='word_1_295' title='bbox 389 2775 567 2831; x_wconf 74' lang='lat' dir='ltr'><strong>ribus&#39;</strong></span> <span class='ocrx_word' id='word_1_296' title='bbox 602 2785 734 2829; x_wconf 89' lang='lat' dir='ltr'><strong>sunt</strong></span> <span class='ocrx_word' id='word_1_297' title='bbox 770 2777 1024 2840; x_wconf 86' lang='lat' dir='ltr'><strong>cognita,</strong></span> <span class='ocrx_word' id='word_1_298' title='bbox 1084 2771 1335 2839; x_wconf 89' lang='lat' dir='ltr'><strong>produnt</strong></span> <span class='ocrx_word' id='word_1_299' title='bbox 1371 2771 1877 2825; x_wconf 85' lang='lat' dir='ltr'><strong>conformationem</strong></span> <span class='ocrx_word' id='word_1_300' title='bbox 1911 2777 2121 2839; x_wconf 86' lang='lat' dir='ltr'><strong>speciei</strong></span> <span class='ocrx_word' id='word_1_301' title='bbox 2154 2778 2375 2842; x_wconf 72' lang='lat' dir='ltr'><strong>ceteris</strong></span> 
     </span>
     <span class='ocr_line' id='line_1_36' title="bbox 390 2839 2380 2910; baseline -0.002 -10"><span class='ocrx_word' id='word_1_302' title='bbox 390 2846 629 2901; x_wconf 87' lang='lat' dir='ltr'><strong>humani</strong></span> <span class='ocrx_word' id='word_1_303' title='bbox 679 2848 901 2910; x_wconf 86' lang='lat' dir='ltr'><strong>generis</strong></span> <span class='ocrx_word' id='word_1_304' title='bbox 954 2839 1251 2908; x_wconf 84' lang='lat' dir='ltr'><strong>speciebus</strong></span> <span class='ocrx_word' id='word_1_305' title='bbox 1299 2841 1493 2893; x_wconf 85' lang='lat' dir='ltr'><strong>multis</strong></span> <span class='ocrx_word' id='word_1_306' title='bbox 1546 2839 1873 2892; x_wconf 81' lang='lat' dir='ltr'><strong>nominibus</strong></span> <span class='ocrx_word' id='word_1_307' title='bbox 1921 2840 2288 2907; x_wconf 81' lang='lat' dir='ltr'><strong>inferiorem,</strong></span> <span class='ocrx_word' id='word_1_308' title='bbox 2328 2842 2380 2897; x_wconf 74' lang='grc' dir='ltr'><strong>δε</strong></span> 
     </span>
     <span class='ocr_line' id='line_1_37' title="bbox 391 2907 2379 2980; baseline -0.002 -12"><span class='ocrx_word' id='word_1_309' title='bbox 391 2921 604 2970; x_wconf 87' lang='lat' dir='ltr'><strong>mirum</strong></span> <span class='ocrx_word' id='word_1_310' title='bbox 657 2911 935 2980; x_wconf 87' lang='lat' dir='ltr'><strong>quendam</strong></span> <span class='ocrx_word' id='word_1_311' title='bbox 991 2909 1275 2964; x_wconf 87' lang='lat' dir='ltr'><strong>desectum</strong></span> <span class='ocrx_word' id='word_1_312' title='bbox 1327 2914 1776 2980; x_wconf 85' lang='lat' dir='ltr'><strong>propensitatum</strong></span> <span class='ocrx_word' id='word_1_313' title='bbox 1826 2907 2171 2964; x_wconf 88' lang='lat' dir='ltr'><strong>nobiliorum</strong></span> <span class='ocrx_word' id='word_1_314' title='bbox 2209 2912 2258 2964; x_wconf 84' lang='lat'>&amp;</span> <span class='ocrx_word' id='word_1_315' title='bbox 2291 2910 2379 2965; x_wconf 81' lang='lat' dir='ltr'><strong>fa-</strong></span> 
     </span>
     <span class='ocr_line' id='line_1_38' title="bbox 326 2980 2381 3051; baseline -0.001 -13"><span class='ocrx_word' id='word_1_316' title='bbox 326 3002 332 3012; x_wconf 87' lang='lat'><strong>·</strong></span> <span class='ocrx_word' id='word_1_317' title='bbox 396 2988 673 3038; x_wconf 85' lang='lat' dir='ltr'><strong>cultatum</strong></span> <span class='ocrx_word' id='word_1_318' title='bbox 725 2982 1021 3039; x_wconf 81' lang='lat' dir='ltr'><strong>altiorum3</strong></span> <span class='ocrx_word' id='word_1_319' title='bbox 1076 2980 1215 3032; x_wconf 86' lang='lat' dir='ltr'><strong>adeo</strong></span> <span class='ocrx_word' id='word_1_320' title='bbox 1269 2992 1334 3032; x_wconf 91' lang='lat' dir='ltr'><strong>ut</strong></span> <span class='ocrx_word' id='word_1_321' title='bbox 1385 2985 1448 3032; x_wconf 87' lang='lat' dir='ltr'><strong>in</strong></span> <span class='ocrx_word' id='word_1_322' title='bbox 1494 2980 1594 3031; x_wconf 89' lang='lat' dir='ltr'><strong>illa</strong></span> <span class='ocrx_word' id='word_1_323' title='bbox 1642 2990 1757 3032; x_wconf 86' lang='lat' dir='ltr'><strong>arte</strong></span> <span class='ocrx_word' id='word_1_324' title='bbox 1777 2986 1827 3043; x_wconf 57' lang='lat' dir='ltr'><strong>‚N</strong></span> <span class='ocrx_word' id='word_1_325' title='bbox 1851 2980 1999 3046; x_wconf 85' lang='lat' dir='ltr'><strong>(arte</strong></span> <span class='ocrx_word' id='word_1_326' title='bbox 2049 2997 2253 3051; x_wconf 89' lang='lat' dir='ltr'><strong>nempe</strong></span> <span class='ocrx_word' id='word_1_327' title='bbox 2292 2983 2381 3035; x_wconf 90' lang='lat' dir='ltr'><strong>lo-</strong></span> 
     </span>
     <span class='ocr_line' id='line_1_39' title="bbox 397 3047 2380 3124; baseline 0 -19"><span class='ocrx_word' id='word_1_328' title='bbox 397 3054 635 3124; x_wconf 88' lang='lat' dir='ltr'><strong>quendi)</strong></span> <span class='ocrx_word' id='word_1_329' title='bbox 678 3068 799 3118; x_wconf 85' lang='lat' dir='ltr'><strong>quae</strong></span> <span class='ocrx_word' id='word_1_330' title='bbox 835 3051 1358 3119; x_wconf 25' lang='lat' dir='ltr'><strong>principaliumssest</strong></span> <span class='ocrx_word' id='word_1_331' title='bbox 1388 3047 1723 3103; x_wconf 77' lang='lat' dir='ltr'><strong>facultatum</strong></span> <span class='ocrx_word' id='word_1_332' title='bbox 1753 3049 1963 3116; x_wconf 83' lang='lat' dir='ltr'><strong>foetus,</strong></span> <span class='ocrx_word' id='word_1_333' title='bbox 1998 3053 2103 3103; x_wconf 77' lang='lat' dir='ltr'><strong>vix</strong></span> <span class='ocrx_word' id='word_1_334' title='bbox 2136 3053 2380 3120; x_wconf 78' lang='lat' dir='ltr'><strong>amplior</strong></span> 
     </span>
     <span class='ocr_line' id='line_1_40' title="bbox 395 3111 1586 3191; baseline -0.009 -13"><span class='ocrx_word' id='word_1_335' title='bbox 395 3130 471 3179; x_wconf 81' lang='lat' dir='ltr'><strong>sit</strong></span> <span class='ocrx_word' id='word_1_336' title='bbox 507 3117 882 3191; x_wconf 76' lang='lat' dir='ltr'><strong>exspectanda</strong></span> <span class='ocrx_word' id='word_1_337' title='bbox 921 3118 1219 3189; x_wconf 80' lang='lat' dir='ltr'><strong>perfectio.</strong></span> <span class='ocrx_word' id='word_1_338' title='bbox 1469 3135 1473 3140; x_wconf 92' lang='lat'>·</span> <span class='ocrx_word' id='word_1_339' title='bbox 1547 3111 1586 3170; x_wconf 52' lang='lat' dir='ltr'><strong>A*</strong></span> 
     </span>
    </p>
   </div>
   <div class='ocr_carea' id='block_1_7' title="bbox 393 3210 2460 4187">
    <p class='ocr_par' dir='ltr' id='par_1_7' title="bbox 393 3210 2460 4187">
     <span class='ocr_line' id='line_1_41' title="bbox 560 3210 2430 3281; baseline -0.001 -16"><span class='ocrx_word' id='word_1_340' title='bbox 560 3214 780 3265; x_wconf 80' lang='lat' dir='ltr'><strong>‘Verum</strong></span> <span class='ocrx_word' id='word_1_341' title='bbox 829 3228 934 3264; x_wconf 91' lang='lat' dir='ltr'><strong>nec</strong></span> <span class='ocrx_word' id='word_1_342' title='bbox 990 3210 1106 3263; x_wconf 82' lang='lat' dir='ltr'><strong>haec</strong></span> <span class='ocrx_word' id='word_1_343' title='bbox 1156 3210 1388 3279; x_wconf 87' lang='lat' dir='ltr'><strong>quidem</strong></span> <span class='ocrx_word' id='word_1_344' title='bbox 1438 3213 1561 3265; x_wconf 85' lang='lat' dir='ltr'><strong>sola</strong></span> <span class='ocrx_word' id='word_1_345' title='bbox 1602 3221 1868 3265; x_wconf 86' lang='lat' dir='ltr'><strong>accentus</strong></span> <span class='ocrx_word' id='word_1_346' title='bbox 1915 3224 2002 3266; x_wconf 88' lang='lat' dir='ltr'><strong>est</strong></span> <span class='ocrx_word' id='word_1_347' title='bbox 2038 3212 2376 3281; x_wconf 76' lang='lat' dir='ltr'><strong>praestantia,</strong></span> <span class='ocrx_word' id='word_1_348' title='bbox 2425 3229 2430 3232; x_wconf 58' lang='grc'>“</span> 
     </span>
     <span class='ocr_line' id='line_1_42' title="bbox 400 3281 2398 3355; baseline -0.004 -17"><span class='ocrx_word' id='word_1_349' title='bbox 400 3284 555 3355; x_wconf 88' lang='lat' dir='ltr'><strong>quod</strong></span> <span class='ocrx_word' id='word_1_350' title='bbox 608 3283 670 3336; x_wconf 87' lang='lat' dir='ltr'><strong>id</strong></span> <span class='ocrx_word' id='word_1_351' title='bbox 721 3285 1030 3350; x_wconf 82' lang='lat' dir='ltr'><strong>exprimat,</strong></span> <span class='ocrx_word' id='word_1_352' title='bbox 1080 3281 1234 3347; x_wconf 90' lang='lat' dir='ltr'><strong>quod</strong></span> <span class='ocrx_word' id='word_1_353' title='bbox 1282 3282 1492 3335; x_wconf 85' lang='lat' dir='ltr'><strong>literali</strong></span> <span class='ocrx_word' id='word_1_354' title='bbox 1528 3284 1720 3349; x_wconf 81' lang='lat' dir='ltr'><strong>lingva</strong></span> <span class='ocrx_word' id='word_1_355' title='bbox 1755 3288 2004 3351; x_wconf 81' lang='lat' dir='ltr'><strong>exprimi</strong></span> <span class='ocrx_word' id='word_1_356' title='bbox 2038 3299 2238 3351; x_wconf 88' lang='lat' dir='ltr'><strong>parum</strong></span> <span class='ocrx_word' id='word_1_357' title='bbox 2273 3296 2398 3348; x_wconf 44' lang='lat' dir='ltr'><strong>po-</strong></span> 
     </span>
     <span class='ocr_line' id='line_1_43' title="bbox 397 3349 2380 3421; baseline -0.005 -12"><span class='ocrx_word' id='word_1_358' title='bbox 397 3367 530 3421; x_wconf 81' lang='lat' dir='ltr'><strong>test,</strong></span> <span class='ocrx_word' id='word_1_359' title='bbox 569 3351 618 3405; x_wconf 75' lang='grc' dir='ltr'><strong>ὃ(</strong></span> <span class='ocrx_word' id='word_1_360' title='bbox 651 3353 753 3404; x_wconf 85' lang='lat' dir='ltr'><strong>tali</strong></span> <span class='ocrx_word' id='word_1_361' title='bbox 786 3351 955 3403; x_wconf 87' lang='lat' dir='ltr'><strong>modo</strong></span> <span class='ocrx_word' id='word_1_362' title='bbox 989 3351 1158 3402; x_wconf 57' lang='lat' dir='ltr'><strong>illius</strong></span> <span class='ocrx_word' id='word_1_363' title='bbox 1184 3349 1440 3406; x_wconf 82' lang='lat' dir='ltr'><strong>defectus</strong></span> <span class='ocrx_word' id='word_1_364' title='bbox 1477 3362 1782 3415; x_wconf 87' lang='lat' dir='ltr'><strong>monstret,</strong></span> <span class='ocrx_word' id='word_1_365' title='bbox 1820 3367 2027 3421; x_wconf 85' lang='lat' dir='ltr'><strong>eosque</strong></span> <span class='ocrx_word' id='word_1_366' title='bbox 2062 3361 2380 3416; x_wconf 48' lang='lat' dir='ltr'><strong>monstrarie-</strong></span> 
     </span>
     <span class='ocr_line' id='line_1_44' title="bbox 401 3417 2378 3489; baseline -0.005 -11"><span class='ocrx_word' id='word_1_367' title='bbox 401 3427 478 3478; x_wconf 88' lang='lat' dir='ltr'><strong>do</strong></span> <span class='ocrx_word' id='word_1_368' title='bbox 512 3427 764 3489; x_wconf 80' lang='lat' dir='ltr'><strong>lingvam</strong></span> <span class='ocrx_word' id='word_1_369' title='bbox 797 3417 1085 3483; x_wconf 83' lang='lat' dir='ltr'><strong>efformet,</strong></span> <span class='ocrx_word' id='word_1_370' title='bbox 1133 3419 1233 3473; x_wconf 85' lang='lat' dir='ltr'><strong>sed</strong></span> <span class='ocrx_word' id='word_1_371' title='bbox 1283 3419 1333 3473; x_wconf 84' lang='lat'>&amp;</span> <span class='ocrx_word' id='word_1_372' title='bbox 1370 3423 1551 3474; x_wconf 70' lang='lat' dir='ltr'><strong>Omnis</strong></span> <span class='ocrx_word' id='word_1_373' title='bbox 1586 3420 1707 3474; x_wconf 72' lang='lat' dir='ltr'><strong>lere</strong></span> <span class='ocrx_word' id='word_1_374' title='bbox 1741 3428 2019 3475; x_wconf 86' lang='lat' dir='ltr'><strong>sermonis</strong></span> <span class='ocrx_word' id='word_1_375' title='bbox 2047 3419 2378 3489; x_wconf 77' lang='lat' dir='ltr'><strong>jucunditas</strong></span> 
     </span>
     <span class='ocr_line' id='line_1_45' title="bbox 398 3487 2376 3558; baseline -0.005 -9"><span class='ocrx_word' id='word_1_376' title='bbox 398 3500 466 3549; x_wconf 86' lang='lat' dir='ltr'><strong>in</strong></span> <span class='ocrx_word' id='word_1_377' title='bbox 514 3504 750 3546; x_wconf 88' lang='lat' dir='ltr'><strong>accentu</strong></span> <span class='ocrx_word' id='word_1_378' title='bbox 803 3499 887 3543; x_wconf 89' lang='lat' dir='ltr'><strong>est</strong></span> <span class='ocrx_word' id='word_1_379' title='bbox 937 3491 1253 3558; x_wconf 79' lang='lat' dir='ltr'><strong>quaerenda·</strong></span> <span class='ocrx_word' id='word_1_380' title='bbox 1321 3488 1579 3543; x_wconf 84' lang='lat' dir='ltr'><strong>Accentu</strong></span> <span class='ocrx_word' id='word_1_381' title='bbox 1617 3491 1985 3558; x_wconf 76' lang='lat' dir='ltr'><strong>omnino-fit,</strong></span> <span class='ocrx_word' id='word_1_382' title='bbox 2042 3501 2109 3542; x_wconf 88' lang='lat' dir='ltr'><strong>ut</strong></span> <span class='ocrx_word' id='word_1_383' title='bbox 2158 3487 2207 3541; x_wconf 75' lang='grc' dir='ltr'><strong>ὃ(</strong></span> <span class='ocrx_word' id='word_1_384' title='bbox 2240 3504 2376 3540; x_wconf 87' lang='lat' dir='ltr'><strong>nos-</strong></span> 
     </span>
     <span class='ocr_line' id='line_1_46' title="bbox 398 3557 2378 3630; baseline -0.004 -13"><span class='ocrx_word' id='word_1_385' title='bbox 398 3575 516 3621; x_wconf 85' lang='lat' dir='ltr'><strong>met</strong></span> <span class='ocrx_word' id='word_1_386' title='bbox 547 3567 701 3630; x_wconf 86' lang='lat' dir='ltr'><strong>ipsos</strong></span> <span class='ocrx_word' id='word_1_387' title='bbox 739 3561 789 3614; x_wconf 70' lang='grc'><strong>8(</strong></span> <span class='ocrx_word' id='word_1_388' title='bbox 819 3563 959 3613; x_wconf 88' lang='lat' dir='ltr'><strong>alios</strong></span> <span class='ocrx_word' id='word_1_389' title='bbox 983 3557 1260 3612; x_wconf 85' lang='lat' dir='ltr'><strong>·lubenter</strong></span> <span class='ocrx_word' id='word_1_390' title='bbox 1294 3560 1590 3614; x_wconf 87' lang='lat' dir='ltr'><strong>audiamus</strong></span> <span class='ocrx_word' id='word_1_391' title='bbox 1623 3562 1934 3628; x_wconf 80' lang='lat' dir='ltr'><strong>loqventes.</strong></span> <span class='ocrx_word' id='word_1_392' title='bbox 2003 3557 2140 3613; x_wconf 89' lang='lat' dir='ltr'><strong>Sine</strong></span> <span class='ocrx_word' id='word_1_393' title='bbox 2177 3574 2378 3610; x_wconf 85' lang='lat' dir='ltr'><strong>accen-</strong></span> 
     </span>
     <span class='ocr_line' id='line_1_47' title="bbox 396 3626 2373 3698; baseline -0.003 -11"><span class='ocrx_word' id='word_1_394' title='bbox 396 3647 464 3687; x_wconf 87' lang='lat' dir='ltr'><strong>tu</strong></span> <span class='ocrx_word' id='word_1_395' title='bbox 504 3649 690 3690; x_wconf 87' lang='lat' dir='ltr'><strong>sermo</strong></span> <span class='ocrx_word' id='word_1_396' title='bbox 724 3630 873 3683; x_wconf 86' lang='lat' dir='ltr'><strong>foret</strong></span> <span class='ocrx_word' id='word_1_397' title='bbox 908 3630 1117 3686; x_wconf 85' lang='lat' dir='ltr'><strong>similis·</strong></span> <span class='ocrx_word' id='word_1_398' title='bbox 1141 3631 1378 3682; x_wconf 87' lang='lat' dir='ltr'><strong>lectioni</strong></span> <span class='ocrx_word' id='word_1_399' title='bbox 1412 3635 1786 3694; x_wconf 87' lang='lat' dir='ltr'><strong>rusticorum,</strong></span> <span class='ocrx_word' id='word_1_400' title='bbox 1846 3633 1945 3698; x_wconf 86' lang='lat' dir='ltr'><strong>qui</strong></span> <span class='ocrx_word' id='word_1_401' title='bbox 1983 3646 2014 3682; x_wconf 86' lang='lat' dir='ltr'><strong>e</strong></span> <span class='ocrx_word' id='word_1_402' title='bbox 2049 3628 2214 3681; x_wconf 87' lang='lat' dir='ltr'><strong>libris</strong></span> <span class='ocrx_word' id='word_1_403' title='bbox 2249 3626 2373 3681; x_wconf 85' lang='lat' dir='ltr'><strong>fere</strong></span> 
     </span>
     <span class='ocr_line' id='line_1_48' title="bbox 398 3698 2373 3761; baseline -0.004 -5"><span class='ocrx_word' id='word_1_404' title='bbox 398 3709 634 3757; x_wconf 89' lang='lat' dir='ltr'><strong>omnino</strong></span> <span class='ocrx_word' id='word_1_405' title='bbox 682 3705 802 3753; x_wconf 87' lang='lat' dir='ltr'><strong>sine</strong></span> <span class='ocrx_word' id='word_1_406' title='bbox 849 3711 1085 3753; x_wconf 87' lang='lat' dir='ltr'><strong>accentu</strong></span> <span class='ocrx_word' id='word_1_407' title='bbox 1141 3700 1325 3751; x_wconf 88' lang='lat' dir='ltr'><strong>solent</strong></span> <span class='ocrx_word' id='word_1_408' title='bbox 1371 3705 1630 3753; x_wconf 87' lang='lat' dir='ltr'><strong>recitare.</strong></span> <span class='ocrx_word' id='word_1_409' title='bbox 1714 3698 2011 3753; x_wconf 87' lang='lat' dir='ltr'><strong>Talimodo</strong></span> <span class='ocrx_word' id='word_1_410' title='bbox 2063 3703 2229 3756; x_wconf 69' lang='lat' dir='ltr'><strong>etiam</strong></span> <span class='ocrx_word' id='word_1_411' title='bbox 2264 3699 2373 3761; x_wconf 88' lang='lat' dir='ltr'><strong>illi,</strong></span> 
     </span>
     <span class='ocr_line' id='line_1_49' title="bbox 399 3771 2388 3842; baseline -0.002 -16"><span class='ocrx_word' id='word_1_412' title='bbox 399 3779 502 3842; x_wconf 90' lang='lat' dir='ltr'><strong>qui</strong></span> <span class='ocrx_word' id='word_1_413' title='bbox 545 3779 609 3826; x_wconf 89' lang='lat' dir='ltr'><strong>in</strong></span> <span class='ocrx_word' id='word_1_414' title='bbox 654 3775 846 3837; x_wconf 81' lang='lat' dir='ltr'><strong>lingva</strong></span> <span class='ocrx_word' id='word_1_415' title='bbox 897 3773 1128 3822; x_wconf 91' lang='lat' dir='ltr'><strong>omnino</strong></span> <span class='ocrx_word' id='word_1_416' title='bbox 1177 3774 1373 3838; x_wconf 87' lang='lat' dir='ltr'><strong>ignota</strong></span> <span class='ocrx_word' id='word_1_417' title='bbox 1424 3771 1642 3838; x_wconf 85' lang='lat' dir='ltr'><strong>aliquid</strong></span> <span class='ocrx_word' id='word_1_418' title='bbox 1676 3775 1945 3833; x_wconf 86' lang='lat' dir='ltr'><strong>recitant,</strong></span> <span class='ocrx_word' id='word_1_419' title='bbox 1984 3773 2215 3820; x_wconf 86' lang='lat' dir='ltr'><strong>omnino</strong></span> <span class='ocrx_word' id='word_1_420' title='bbox 2250 3773 2388 3823; x_wconf 78' lang='lat' dir='ltr'><strong>sine.</strong></span> 
     </span>
     <span class='ocr_line' id='line_1_50' title="bbox 399 3837 2373 3907; baseline -0.004 -12"><span class='ocrx_word' id='word_1_421' title='bbox 399 3854 638 3898; x_wconf 88' lang='lat' dir='ltr'><strong>accentu</strong></span> <span class='ocrx_word' id='word_1_422' title='bbox 685 3845 927 3893; x_wconf 87' lang='lat' dir='ltr'><strong>recitant</strong></span> <span class='ocrx_word' id='word_1_423' title='bbox 947 3877 962 3904; x_wconf 94' lang='lat'>,</span> <span class='ocrx_word' id='word_1_424' title='bbox 1032 3842 1194 3891; x_wconf 88' lang='lat' dir='ltr'><strong>aliter</strong></span> <span class='ocrx_word' id='word_1_425' title='bbox 1245 3843 1397 3891; x_wconf 87' lang='lat' dir='ltr'><strong>enim</strong></span> <span class='ocrx_word' id='word_1_426' title='bbox 1442 3838 1571 3892; x_wconf 86' lang='lat' dir='ltr'><strong>fieri</strong></span> <span class='ocrx_word' id='word_1_427' title='bbox 1620 3856 1737 3891; x_wconf 90' lang='lat' dir='ltr'><strong>non</strong></span> <span class='ocrx_word' id='word_1_428' title='bbox 1786 3849 2005 3907; x_wconf 86' lang='lat' dir='ltr'><strong>potest,</strong></span> <span class='ocrx_word' id='word_1_429' title='bbox 2065 3837 2116 3891; x_wconf 76' lang='grc' dir='ltr'><strong>δι</strong></span> <span class='ocrx_word' id='word_1_430' title='bbox 2165 3839 2373 3890; x_wconf 89' lang='lat' dir='ltr'><strong>horum</strong></span> 
     </span>
     <span class='ocr_line' id='line_1_51' title="bbox 399 3907 2374 3980; baseline -0.006 -15"><span class='ocrx_word' id='word_1_431' title='bbox 399 3913 632 3980; x_wconf 85' lang='lat' dir='ltr'><strong>quidem</strong></span> <span class='ocrx_word' id='word_1_432' title='bbox 679 3914 861 3964; x_wconf 86' lang='lat' dir='ltr'><strong>oratio</strong></span> <span class='ocrx_word' id='word_1_433' title='bbox 910 3920 1169 3961; x_wconf 87' lang='lat' dir='ltr'><strong>mortuus</strong></span> <span class='ocrx_word' id='word_1_434' title='bbox 1216 3909 1466 3976; x_wconf 87' lang='lat' dir='ltr'><strong>quidam.</strong></span> <span class='ocrx_word' id='word_1_435' title='bbox 1486 3924 1670 3962; x_wconf 87' lang='lat' dir='ltr'><strong>sermo</strong></span> <span class='ocrx_word' id='word_1_436' title='bbox 1701 3907 1790 3960; x_wconf 70' lang='lat' dir='ltr'><strong>lest</strong></span> <span class='ocrx_word' id='word_1_437' title='bbox 1823 3925 2002 3960; x_wconf 80' lang='lat' dir='ltr'><strong>nervo</strong></span> <span class='ocrx_word' id='word_1_438' title='bbox 2044 3907 2094 3961; x_wconf 74' lang='grc' dir='ltr'><strong>ὃ(</strong></span> <span class='ocrx_word' id='word_1_439' title='bbox 2129 3912 2244 3961; x_wconf 77' lang='lat' dir='ltr'><strong>vita</strong></span> <span class='ocrx_word' id='word_1_440' title='bbox 2283 3922 2374 3957; x_wconf 71' lang='lat' dir='ltr'><strong>ca-</strong></span> 
     </span>
     <span class='ocr_line' id='line_1_52' title="bbox 395 3977 2373 4049; baseline -0.006 -14"><span class='ocrx_word' id='word_1_441' title='bbox 395 3998 547 4035; x_wconf 79' lang='lat' dir='ltr'><strong>rens.</strong></span> <span class='ocrx_word' id='word_1_442' title='bbox 633 3982 832 4049; x_wconf 85' lang='lat' dir='ltr'><strong>Itaque</strong></span> <span class='ocrx_word' id='word_1_443' title='bbox 897 3978 1374 4047; x_wconf 70' lang='lat' dir='ltr'><strong>quemadmodum</strong></span> <span class='ocrx_word' id='word_1_444' title='bbox 1423 3996 1580 4033; x_wconf 83' lang='lat' dir='ltr'><strong>omne</strong></span> <span class='ocrx_word' id='word_1_445' title='bbox 1629 3978 1926 4046; x_wconf 64' lang='lat' dir='ltr'><strong>vivificans</strong></span> <span class='ocrx_word' id='word_1_446' title='bbox 1980 3977 2040 4031; x_wconf 63' lang='grc' dir='ltr'><strong>δ’</strong></span> <span class='ocrx_word' id='word_1_447' title='bbox 2085 3977 2260 4031; x_wconf 74' lang='lat' dir='ltr'><strong>vitale</strong></span> <span class='ocrx_word' id='word_1_448' title='bbox 2309 3977 2373 4024; x_wconf 86' lang='lat' dir='ltr'><strong>in.</strong></span> 
     </span>
     <span class='ocr_line' id='line_1_53' title="bbox 396 4041 2460 4117; baseline -0.003 -15"><span class='ocrx_word' id='word_1_449' title='bbox 396 4055 727 4104; x_wconf 76' lang='lat' dir='ltr'><strong>universum</strong></span> <span class='ocrx_word' id='word_1_450' title='bbox 773 4066 894 4103; x_wconf 87' lang='lat' dir='ltr'><strong>sese</strong></span> <span class='ocrx_word' id='word_1_451' title='bbox 946 4059 1219 4102; x_wconf 87' lang='lat' dir='ltr'><strong>monstrat</strong></span> <span class='ocrx_word' id='word_1_452' title='bbox 1258 4053 1347 4103; x_wconf 89' lang='lat' dir='ltr'><strong>uti</strong></span> <span class='ocrx_word' id='word_1_453' title='bbox 1400 4047 1614 4117; x_wconf 88' lang='lat' dir='ltr'><strong>aliquid</strong></span> <span class='ocrx_word' id='word_1_454' title='bbox 1663 4050 1984 4117; x_wconf 81' lang='lat' dir='ltr'><strong>oecultum,</strong></span> <span class='ocrx_word' id='word_1_455' title='bbox 2034 4046 2189 4116; x_wconf 85' lang='lat' dir='ltr'><strong>quod</strong></span> <span class='ocrx_word' id='word_1_456' title='bbox 2221 4041 2374 4112; x_wconf 81' lang='lat' dir='ltr'><strong>phae-</strong></span> <span class='ocrx_word' id='word_1_457' title='bbox 2447 4101 2460 4114; x_wconf 53' lang='lat'><em>‚</em></span> 
     </span>
     <span class='ocr_line' id='line_1_54' title="bbox 393 4118 2373 4187; baseline -0.004 -15"><span class='ocrx_word' id='word_1_458' title='bbox 393 4131 642 4175; x_wconf 78' lang='lat' dir='ltr'><strong>nomene</strong></span> <span class='ocrx_word' id='word_1_459' title='bbox 678 4118 914 4187; x_wconf 73' lang='lat' dir='ltr'><strong>subest,</strong></span> <span class='ocrx_word' id='word_1_460' title='bbox 962 4123 1045 4176; x_wconf 83' lang='lat' dir='ltr'><strong>sic</strong></span> <span class='ocrx_word' id='word_1_461' title='bbox 1079 4118 1193 4174; x_wconf 85' lang='lat' dir='ltr'><strong>hoc</strong></span> <span class='ocrx_word' id='word_1_462' title='bbox 1227 4134 1290 4173; x_wconf 79' lang='lat' dir='ltr'><strong>se</strong></span> <span class='ocrx_word' id='word_1_463' title='bbox 1341 4122 1515 4180; x_wconf 83' lang='lat' dir='ltr'><strong>etiam</strong></span> <span class='ocrx_word' id='word_1_464' title='bbox 1543 4118 1717 4178; x_wconf 86' lang='lat' dir='ltr'><strong>habet</strong></span> <span class='ocrx_word' id='word_1_465' title='bbox 1751 4123 1815 4177; x_wconf 88' lang='lat' dir='ltr'><strong>in</strong></span> <span class='ocrx_word' id='word_1_466' title='bbox 1849 4133 2139 4182; x_wconf 83' lang='lat' dir='ltr'><strong>sermone;</strong></span> <span class='ocrx_word' id='word_1_467' title='bbox 2175 4127 2373 4168; x_wconf 87' lang='lat' dir='ltr'><strong>accen-</strong></span> 
     </span>
    </p>
   </div>
   <div class='ocr_carea' id='block_1_8' title="bbox 2035 4293 2058 4320">
    <p class='ocr_par' dir='ltr' id='par_1_8' title="bbox 2035 4293 2058 4320">
     <span class='ocr_line' id='line_1_55' title="bbox 2035 4293 2058 4320; baseline 0 0"><span class='ocrx_word' id='word_1_468' title='bbox 2035 4293 2058 4320; x_wconf 70' lang='grc' dir='ltr'><strong><em>Ο</em></strong></span> 
     </span>
    </p>
   </div>
  </div>
 </body>
</html>
