2707 4650
168 2276 197 2303 X

2040 180 2060 205 v

1752 213 1775 231 N
1814 236 1817 243 n

1337 294 1420 355 10

392 442 560 494 nitio.
633 437 934 507 Gener-alia
962 445 1149 490 tamen
1182 434 1461 495 nonnulla
1494 445 1705 506 patent,
1742 439 1863 509 utit
1899 445 2215 493 sermonem
2249 456 2372 495 om·-

387 527 548 574 nem,
614 516 713 579 qvi
756 511 1040 571 violentos
1099 504 1331 559 affectus
1387 511 1662 576 exprimit
1705 510 1773 573 in
1820 509 2014 576 lingva
2059 515 2366 578 primitiva,

389 584 636 633 maxime
686 577 828 633 effici
878 576 1185 651 vocalibus
1212 578 1394 629 literis
1430 592 1561 630 cum
1591 580 1835 646 spiritu3
1886 584 1968 631 sic
2004 584 2165 646 gravi
2198 585 2374 634 animi

389 650 592 702 dolore
626 647 820 702 afflicti
851 649 965 700 ab!
996 651 1178 715 magis
1211 647 1550 699 naturaliter¹
1579 645 1880 715 proferunt
1916 664 2085 715 quam
2113 648 2279 712 ‚alas5
2321 653 2374 704 si

391 718 599 772 talibus
637 718 874 783 vocibus
911 718 1257 785 adjiciuntur
1294 728 1683 779 consonantes,
1720 717 1829 768 illae
1864 718 2203 786 plerumque
2238 732 2373 786 gut-⁶

384 788 585 843 tarales
621 801 784 853 sunt,
820 806 942 856 quae
978 799 1100 839 tum
1133 783 1483 849 formantur,
1533 790 1621 838 uti
1654 787 1900 851 videtur,
1938 789 2179 853 quadam
2216 805 2377 856 spas-

350 858 610 913 ‘modica
661 862 1046 911 contractione
1097 869 1443 921 organorum
1476 859 1539 907 in
1577 855 1875 919 saucibus,
1936 857 2091 922 quod
2129 865 2191 911 in
2231 874 2373 911 voce

386 929 494 980 ach
531 927 912 981 observamus.
990 925 1205 978 Porro=
1259 940 1463 976 sonans
1502 916 1885 992 quodcunque
1922 925 2213 991 objectum
2252 929 2404 996 ple-¹

1985 374 1989 376 >
2049 352 2076 388 Χ

299 994 307 1003 ’
384 1012 628 1065 rumque
665 1001 910 1066 exprimi
944 1011 1047 1064 per
1081 996 1458 1047 imitationem
1492 998 1648 1058 soni,
1691 995 1847 1062 quod
1881 999 1958 1047 in-
1979 1012 2118 1048 voce
2153 1002 2377 1050 tonitru

387 1067 711 1120 observavit
743 1065 1013 1133 Adelnng
1059 1069 1123 1123 in
1169 1065 1470 1133 permultis
1515 1067 1755 1132 lingvis,
1807 1063 1856 1116 &
1893 1069 2123 1118 omnino
2167 1071 2230 1118 in
2265 1067 2374 1118 hac

323 1179 331 1195 .
384 1137 562 1191 classe
621 1137 976 1204 objectorum
1042 1138 1548 1203 onomatopoeticae
1583 1139 2072 1202 investigationes
2124 1140 2374 1188 maxime

379 1218 520 1260 sunt
553 1204 875 1274 frugiferae3
913 1204 1290 1272 reputandum
1316 1215 1523 1271 tamen,
1558 1207 1607 1256 si
1640 1206 1703 1255 in
1738 1209 1966 1257 sonanti
2000 1203 2224 1271 objecto
2254 1205 2376 1256 ulla

384 1287 473 1331 est
500 1280 676 1343 magis
705 1278 1032 1343 prominens
1060 1273 1109 1326 ὅ(
1136 1271 1394 1326 sensibus
1430 1271 1598 1326 obvia
1623 1277 1972 1343 proprietas?
1984 1291 2153 1341 quam
2181 1291 2374 1342 sonus,

384 1348 906 1399 denominationem
941 1359 1061 1394 non
1096 1359 1129 1395 e
1164 1359 1305 1395 sono
1340 1341 1499 1410 fieri,
1543 1344 1640 1394 sed
1676 1360 1750 1396 ex
1784 1343 1890 1395 hac
1925 1347 2047 1410 ipsa
2081 1346 2374 1411 qualitate.
2404 1380 2409 1386 ·

385 1415 482 1469 Sic
532 1419 636 1466 vix
681 1418 745 1466 in
791 1415 909 1466 ulla
944 1415 1139 1480 lingva
1171 1416 1529 1466 inveniemus
1582 1428 1732 1480 equo
1768 1412 2015 1465 inditum
2050 1430 2262 1466 nomen
2305 1411 2376 1464 ab

384 1486 652 1548 hinnitu,
688 1498 794 1535 nec
831 1486 958 1535 cani
998 1500 1030 1533 a
1062 1483 1300 1546 latratu,
1337 1482 1437 1536 sed
1473 1492 1624 1534 certe
1659 1478 1798 1534 bovi
1832 1500 1866 1534 a
1899 1486 2146 1548 mugitu.
2215 1480 2390 1534 Cras--

366 1550 508 1609 'sum
554 1553 936 1620 quodcunque
976 1549 1266 1618 objectum
1314 1553 1621 1616 materiale,
1672 1555 1872 1604 crassis
1908 1547 1960 1602 &
1996 1551 2153 1603 duris
2191 1553 2375 1603 literis

381 1625 744 1692 depingitur,
799 1623 963 1687 cujus
996 1626 1157 1674 varia
1203 1621 1341 1672 licet
1389 1625 1454 1674 in
1488 1620 1719 1688 Cratylo
1769 1620 2033 1689 exempla
2081 1621 2374 1687 colligere,

380 1697 576 1748 tenuia
613 1704 809 1745 autem·
838 1690 887 1744 ὃ(
906 1692 1108 1759 ‘lepida
1147 1692 1395 1744 tenellis.
1475 1691 1545 1743 In
1594 1691 1700 1743 hac
1733 1700 1923 1743 tamen
1960 1691 2153 1752 classe,
2204 1706 2377 1757 quam

380 1761 674 1832 prioribus
692 1802 708 1828 ,
759 1765 1074 1828 originariae
1120 1761 1325 1825 lingvae
1360 1777 1501 1813 usus
1534 1763 1717 1815 multo
1751 1764 1942 1816 minus
1990 1770 2244 1814 servatus
2284 1769 2372 1830 est

379 1837 447 1887 in
481 1832 751 1885 derivatis
798 1829 849 1884 ὃ(
883 1827 1302 1883 recentioribus
1336 1829 1581 1899 lingvis.
2346 1838 2352 1847 ¹

1249 1911 1312 1998 ς.
1397 1917 1503 1999 14.
2165 1969 2182 1978 -

549 2010 705 2082 Qvid
738 2018 919 2083 igitur
951 2013 1021 2068 de
1063 2014 1364 2082 primitiva·
1402 2014 1600 2082 lingva
1647 2014 2037 2069 censendum?
2106 2011 2377 2086 Quanam

383 2088 509 2141 est?
544 2084 742 2156 Qvalis
779 2087 902 2139 est?
949 2084 1104 2137 Num
1141 2084 1376 2148 inillis,
1412 2099 1535 2150 quas
1568 2082 1734 2139 nobis
1769 2096 1904 2138 sunt
1939 2091 2196 2154 cognitae,
2232 2104 2379 2155 qvae-

382 2157 562 2210 renda
599 2157 741 2208 est?
768 2155 897 2222 Vel,
933 2149 1073 2206 num
1113 2156 1346 2206 omnino
1385 2155 1510 2206 est?
1555 2152 1705 2218 Hoec,
1743 2155 1932 2220 crede,
1971 2173 2056 2219 ex⁴
2082 2157 2218 2224 illis,
2255 2173 2380 2224 quaa

382 2229 528 2294 iam,
579 2228 784 2294 partim
823 2240 855 2275 e
891 2227 1091 2285 certis,
1144 2226 1350 2290 partim
1400 2238 1432 2274 e
1469 2221 1864 2288 probabilibus
1900 2236 2036 2276 sunt
2073 2225 2376 2293 disputata,

379 2296 539 2351 haud
582 2300 774 2362 inepte
822 2290 1324 2362 dijudicabuntur;
1376 2291 1873 2358 animadvertimus
1909 2299 2062 2346 enim
2105 2296 2218 2362 jam
2253 2294 2383 2364 'pri-

381 2372 592 2423 mitivae
641 2365 847 2430 lingvae
881 2373 1175 2415 momenta
1202 2361 1394 2428 qualia
1430 2364 1570 2425 sint,
1616 2376 1851 2428 nempe:
1907 2366 2202 2415 naturales
2236 2365 2375 2429 soni,

382 2455 516 2510 qvos
534 2431 792 2501 affectus
830 2432 1088 2498 eliciunt,
1148 2432 1616 2499 onomatopoeseis
1651 2449 1681 2483 e
1716 2449 1845 2483 sono
1896 2430 1946 2484 δε
1993 2442 2373 2502 onomatopoe-

380 2507 492 2560 seis
533 2525 561 2557 e
586 2503 792 2574 formis
827 2503 1192 2569 objectorum,
1250 2517 1415 2567 qvam
1463 2501 1752 2569 plasticam
1787 2502 1925 2553 licet
1971 2514 2380 2570 onomatopoe-

382 2581 477 2631 sin
517 2574 819 2642 appellare.
892 2571 1019 2624 Jam
1054 2586 1193 2621 vero
1234 2569 1324 2621 his
1366 2571 1457 2622 vel
1494 2571 1775 2637 ejusmodi
1809 2576 2132 2636 momentis,
2168 2574 2304 2624 solis
2325 2569 2377 2625 ὅ(

381 2646 644 2712 singulis,
680 2642 856 2695 ullam
888 2643 1140 2708 lingvam
1160 2638 1415 2707 formari,
1443 2641 1537 2691 vel
1572 2638 1871 2693 formatam
1908 2657 2047 2705 esse,
2078 2643 2235 2695 nulla
2270 2658 2376 2694 ex-

380 2719 679 2784 perientia,
713 2727 819 2764 nec
845 2708 1131 2779 probabili
1165 2710 1396 2778 quidem
1432 2707 1777 2776 conjectura,
1813 2709 2207 2772 confirmatum
2242 2727 2375 2766 nam

292 2797 315 2801 ἢ
382 2789 517 2837 vitae
551 2783 705 2836 modi
751 2808 825 2821 —
859 2779 1210 2846 subjectivus
1261 2778 1311 2832 ὃ(
1346 2777 1696 2848 objectivus,
1764 2784 2022 2848 passivus
2070 2780 2120 2833 ὅ(
2154 2784 2374 2834 activus
2421 2787 2424 2790 ’

380 2853 539 2906 haud
572 2858 654 2905 ita
689 2855 930 2917 separati
975 2855 1040 2901 in
1077 2865 1140 2900 re
1176 2848 1710 2915 deprehenduntur,
1763 2854 1854 2901 uti
1893 2860 2132 2917 possunt
2164 2853 2376 2916 imagi-

380 2922 570 2976 nando
602 2924 862 2988 concipi,
931 2933 1036 2970 nec
1072 2918 1192 2970 ulla
1224 2917 1341 2969 fuit
1376 2918 1631 2970 humanae
1667 2921 1797 2970 vitae
1831 2919 2101 2986 periodus
2140 2924 2373 2971 omnino

383 2992 685 3061 objectiva,
722 3004 840 3039 non
862 2992 1060 3055 magis,
1097 3002 1266 3053 quam
1297 3003 1452 3040 nunc
1480 2988 1727 3040 humana
1761 2991 1878 3041 vita
1913 3004 1989 3040 ex
2023 2994 2180 3046 omni
2215 3000 2374 3058 parte

385 3061 708 3130 subjectiva
751 3068 867 3133 est,
920 3068 1021 3109 aut
1053 3056 1175 3109 ullo
1223 3056 1457 3129 posthac
1493 3069 1750 3126 tempore
1787 3062 2017 3111 omnino
2054 3056 2374 3127 subjectiva

379 3130 610 3192 futura3
660 3132 740 3181 ita
772 3142 878 3178 nec
912 3127 1108 3193 lingva
1154 3125 1269 3179 fuit
1303 3127 1405 3178 tali
1442 3124 1737 3196 objectivae
1772 3131 1900 3180 vitae
1937 3129 2234 3182 exclusive
2268 3129 2375 3181 ad·-

382 3210 598 3269 aptata,
651 3197 752 3250 sed
785 3200 982 3265 primis
1029 3194 1383 3265 temporibus
1429 3208 1498 3249 ut
1540 3201 1669 3249 vitae
1705 3200 1783 3249 ita
1820 3196 1870 3249 ὅ(
1901 3198 2110 3265 lingvae
2146 3198 2373 3251 charac-

381 3280 471 3321 ter
521 3273 585 3321 in
619 3272 954 3321 universum
1003 3266 1132 3318 talis
1167 3264 1310 3327 fuit3
1378 3264 1477 3317 sed
1512 3284 1543 3320 a
1592 3270 1791 3335 primis
1838 3259 1971 3320 inde
2019 3266 2373 3337 temporibus

358 3337 686 3391 ⁴hominum
720 3340 1016 3403 ingenium
1050 3333 1101 3386 ὅ(
1136 3332 1435 3388 arbitrium
1470 3352 1598 3388 suas
1650 3352 1955 3390 exseruere
1999 3341 2150 3389 vires
2203 3340 2374 3389 etiam.

383 3411 449 3461 in
483 3409 687 3476 lingvae
722 3397 1090 3472 formatione,
1130 3409 1383 3473 qvamvis
1418 3404 1488 3457 ab
1525 3409 1694 3458 initio
1730 3411 1917 3462 minus
1955 3424 2126 3475 quam
2158 3417 2392 3472 possteao‘
2479 3401 2484 3412 '

382 3475 582 3540 Adde,
639 3476 794 3544 quod
843 3481 906 3527 in
939 3479 1080 3542 ipsis
1114 3476 1316 3543 lingvae
1350 3475 1719 3597 rudimengiffi
1784 3481 1870 3529 uti
1918 3475 1959 3543 §.
2004 3494 2060 3528 ιι
2107 3472 2376 3529 observa·-

380 3550 607 3612 vimus,
675 3543 993 3597 differentia
1037 3546 1214 3598 multa
1253 3556 1369 3612 est,
1434 3561 1607 3598 secun
1647 3562 1745 3612 um
1792 3545 2047 3613 objecta,
2110 3548 2371 3612 inprimis

381 3621 654 3679 sonantia,
689 3615 843 3667 unde
880 3627 1005 3668 tuto
1029 3616 1369 3681 colligimus,
1405 3616 1617 3668 nullam
1654 3633 1798 3667 sane*
1821 3635 1937 3668 esse
1972 3616 2220 3685 lingvam
2247 3616 2374 3683 pri-

383 3686 641 3738 mitivam
674 3685 735 3736 in
769 3695 1048 3749 concreto,
1084 3684 1184 3736 sed
1220 3685 1474 3752 quasdam
1510 3701 1631 3739 esse
1663 3686 1868 3752 lingvae
1901 3693 2182 3737 momenta
2218 3685 2371 3754 phy-

380 3758 532 3817 sica,
583 3759 672 3808 uti
705 3755 819 3820 jam
852 3738 1333 3822 monsliavimns„
1366 3772 1613 3823 quorum
1650 3766 1830 3818 certe,
1886 3766 1953 3806 ut
1986 3770 2091 3821 par
2126 3764 2244 3817 est,
2306 3760 2372 3809 in

380 3826 788 3893 antiquissimis
835 3826 1047 3892 lingvis
1083 3828 1322 3890 vestigia
1362 3837 1587 3878 exstent
1627 3828 1798 3894 >plura
1833 3821 1883 3876 &
1916 3828 2090 3894 magis
2129 3823 2369 3878 manife-

349 3904 500 3955 *ata3
564 3894 681 3947 haec
716 3906 903 3947 tamen
935 3905 1214 3946 momenta
1252 3891 1490 3962 physica
1540 3910 1830 3962 nunquam
1876 3899 2111 3948 omnino
2163 3892 2371 3947 absunt

376 3966 444 4015 in
475 3963 651 4015 ullius
701 3965 909 4033 lingvae
943 3961 1281 4017 formatione
1302 4002 1318 4027 ‚
1373 3980 1594 4022 verum
1624 3960 1936 4033 quamlibet
1985 3966 2235 4032 lingvam
2271 3978 2368 4014 se-

276 4061 293 4076 ·
378 4043 634 4100 qvuntur
670 4050 774 4100 per
807 4047 1126 4108 temporum
1165 4033 1468 4087 decursum
1503 4039 1567 4087 in
1604 4038 1933 4088 continuata
1963 4037 2121 4088 iilius
2154 4033 2366 4086 forma·-

375 4106 565 4227 ιίἓιιει,
630 4108 883 4175 qvamvis
932 4106 1030 4161 vel
1078 4105 1323 4162 aliorum
1370 4115 1788 4163 momentorum
1821 4105 2251 4177 praeponderans
2286 4105 2366 4157 sit

380 4187 414 4227 e
459 4189 523 4227 ec
550 4189 659 4228 us.-

1929 4353 1967 4406 ,θ
