2707 4650
137 418 180 1067 ἐξ

113 2999 120 3116 ἱ

111 3131 128 3238 Ξ

1144 853 1247 939 L.
1328 851 1419 939 S.

283 1054 460 1158 Nisi
497 1106 558 1157 iu
604 1103 716 1156 hoc
754 1100 946 1155 nostro
994 1090 1273 1170 opusculo
1314 1100 1507 1169 plures
1544 1097 2035 1166 atque,graviores
2069 1096 2261 1153 ‹lesco-⁴

279 1177 373 1224 tus
410 1177 684 1227 lectorem
726 1183 914 1224 essent
950 1169 1254 1235 offensuri,
1308 1187 1478 1238 quam
1513 1174 1615 1237 qui
1648 1169 1900 1222 humano
1938 1172 2262 1237 cuicunque

280 1249 443 1308 operi
477 1246 814 1311 plerumque
850 1246 1167 1293 necessario
1202 1241 1502 1304 accidunt,
1541 1243 1897 1291 excusationi
1931 1243 2263 1306 supersede—

277 1329 495 1376 remus,
545 1316 658 1363 tuti
693 1316 845 1363 intra
880 1324 1177 1362 commune
1213 1309 1472 1361 humanae
1506 1320 1716 1360 naturas
1751 1313 2263 1377 propugnaculum,

278 1383 608 1432 mentalium
646 1385 861 1433 virium
906 1378 1321 1441 infirmitatem,
1379 1378 1428 1431 &
1469 1377 1873 1431 hebetudinem
1907 1383 2126 1444 ingenii
2172 1384 2263 1433 lu-

276 1449 479 1501 beuter
513 1448 879 1514 confitentes,
926 1454 1075 1512 im0,
1125 1458 1194 1511 ut
1221 1447 1350 1499 fieri
1386 1449 1561 1511 solet,
1598 1447 1708 1500 hoc
1746 1450 1941 1514 gloriae
1977 1449 2269 1518 ducentes,

263 1519 436 1586 quod
471 1517 644 1585 huius
684 1518 1049 1573 hebetudinis
1088 1518 1320 1585 quidem
1351 1534 1500 1582 non,
1564 1525 1798 1583 propter
1831 1521 2062 1571 nimiam
2099 1522 2266 1572 stoli-

211 1600 219 1605 ‘
278 1588 511 1643 ditatam
545 1596 646 1641 aut
694 1596 1028 1655 vanitatem,
1085 1591 1299 1654 ignari,
1351 1593 1475 1638 ausi
1506 1583 1784 1638 fuerimus
1822 1588 1996 1639 ardua
2033 1591 2268 1655 aggredi

277 1668 338 1710 et
369 1662 433 1709 in
468 1655 795 1717 difficillima
842 1661 1073 1710 materie
1110 1659 1432 1708 nostrarum
1472 1651 1804 1705 facultatum
1839 1672 2138 1721 excercere
2173 1670 2266 1711 te-

271 1730 573 1779 nuitatem.
640 1727 859 1779 Verum
901 1743 1033 1779 cum
1077 1726 1250 1792 longe
1285 1726 1396 1776 alia
1431 1727 1652 1774 ratione
1689 1737 2007 1791 comparat-a
2044 1743 2132 1779 res
2171 1732 2264 1794 sit,

276 1807 651 1862 nostrumque
687 1798 1027 1864 opusculum
1066 1796 1237 1846 solito
1286 1790 1646 1860 gravioribus
1684 1792 1999 1846 defectibus
2047 1813 2266 1863 prema-
2298 1848 2299 1851 ,

277 1877 402 1927 tur,
451 1866 605 1918 haud
638 1870 897 1933 ineptum
932 1865 1191 1916 ducimus
1223 1867 1424 1931 paucis
1455 1860 1719 1925 mon‘ere,
1781 1864 1844 1914 id
1885 1865 2040 1933 quod
2078 1872 2271 1919 tament

280 1935 579 1987 doctorum
628 1951 746 1986 non
791 1933 977 2002 fugiet
1023 1938 1413 2000 sagacitatem,
1478 1935 1582 1998 qui
1626 1930 1879 1984 defectus
1917 1932 1985 1984 ab
2021 1938 2142 2001 ipsa
2179 1941 2268 1990 rei

232 2065 242 2073 ,
280 2001 612 2057 difficultate
649 2010 761 2056 sint
799 2002 1076 2072 profecti,
1116 2007 1220 2070 qui
1260 2014 1462 2056 nostrae
1494 2004 1674 2068 magis
1708 2005 2058 2085 simplicitati
2082 2004 2145 2097 {c
2175 2011 2266 2078 ig-

555 2064 580 2078 r·
1148 2072 1155 2078 .

278 2078 549 2149 norantiae
586 2079 701 2124 sint
733 2072 1068 2125 ascribendi.

437 2164 688 2228 Ingressi
742 2179 935 2214 sumus
988 2158 1269 2228 quandam
1329 2163 1579 2212 scientias
1628 2163 1924 2228 regionem
1970 2164 2281 2231 hirsutam?

259 2233 649 2299 ·sylvestrem,
702 2246 964 2298 opacam,
1014 2231 1280 2295 arduam,
1314 2231 1654 2298 palustrem,
1689 2237 1845 2285 omni
1878 2233 2270 2299 discriminum
2312 2234 2318 2241 ’

218 2363 227 2372 .
283 2301 334 2355 δ(
356 2301 793 2354 obstaculorum
833 2315 1041 2367 genere
1075 2304 1373 2369 persitam,
1406 2300 1580 2353 nullis
1613 2300 1736 2368 sere
1774 2306 2047 2370 signatam
2087 2313 2267 2360 vesti-

279 2376 391 2441 giis
421 2376 903 2439 praetereuntium3
939 2385 1203 2437 magnum
1241 2374 1392 2421 enim
1420 2371 1615 2422 lumen
1639 2369 2062 2427 Monboddonis
2098 2376 2268 2431 aliam

278 2446 612 2495 monstravit
646 2445 812 2504 viam,
850 2437 1029 2507 quam'
1054 2442 1227 2502 illam,
1265 2456 1434 2505 quam
1470 2456 1575 2491 nos
1614 2446 2004 2516 quaesivimus,
2059 2462 2164 2497 nec
2200 2447 2273 2500 ad

279 2513 492 2564 celsam
519 2510 763 2563 Herderi
812 2519 1018 2561 metam
1055 2522 1301 2575 unquam
1338 2513 1682 2578 speravimus
1719 2513 2036 2566 ascendere.
2119 2514 2273 2569 Her·-

280 2582 451 2633 derus
489 2584 852 2645 gravissimus
902 2576 1015 2629 fuit
1049 2581 1112 2628 in
1147 2577 1511 2629 monstranda
1553 2587 1827 2633 sermonis
1868 2565 2131 2636 bumana
2155 2588 2272 2637 ori-

223 2663 226 2666 ·
276 2651 416 2720 gine
463 2646 512 2698 δ(
557 2653 706 2699 intra
741 2652 1044 2716 propositae
1081 2651 1407 2711 quaestionis
1444 2648 1653 2699 limites
1692 2655 1974 2704 coercitus
2011 2679 2084 2695 -
2128 2672 2271 2722 prae-

279 2722 461 2770 mium
496 2720 648 2767 enim
680 2720 992 2783 reportavit
1027 2711 1345 2765 Academiae
1376 2714 1750 2769 berolinensis
1788 2747 1854 2759 —
1891 2721 2093 2788 praeter
2121 2723 2270 2779 hanc
2308 2753 2313 2760 -

223 2843 224 2846 Ἴ
280 2791 461 2854 ipsam
494 2801 615 2836 rem
643 2789 747 2837 vix
772 2784 1081 2851 quidquam
1115 2783 1348 2842 molitus
1387 2794 1486 2846 est,
1521 2781 1570 2834 &
1606 2800 1944 2854 quanquam,
1981 2802 2047 2842 ut
2068 2809 2272 2849 verum

197 2871 213 2882 ‘
259 2854 694 2925 vphilosophum
742 2853 933 2916 decet,
988 2852 1260 2920 quicquid
1308 2868 1591 2916 summum
1640 2865 1725 2905 est
1761 2867 1819 2908 et
1854 2857 2272 2917 nobilissimum

283 2931 346 2979 in
398 2937 599 2977 natura
644 2925 893 2976 hominis
946 2928 1217 2975 acerrimo
1265 2923 1442 2988 'oculo
1490 2922 1898 2991 perlustretur,
1963 2939 2148 2982 tamen
2197 2950 2269 2985 eo

227 3004 234 3016 ’
282 2993 469 3045 tendit
502 3004 621 3045 tota
658 2979 1009 3061 disquisitio'g
1063 3002 1128 3043 ut
1170 2992 1448 3044 sermonis
1490 3003 1764 3045 monstret
1799 2995 2102 3051 humanam
2152 3007 2270 3054 ori-

286 3066 477 3129 ginem
497 3098 513 3125 ,
549 3073 613 3113 ut
648 3064 823 3131 hujus
862 3079 1087 3113 summae
1117 3065 1252 3118 artis
1285 3059 1674 3114 inventionem
1704 3064 2001 3119 hominum
2034 3074 2269 3136 ingenio

286 3130 541 3182 vindicet
576 3144 743 3200 atque
781 3131 992 3183 studio.
1048 3128 1444 3183 Monboddoni
1479 3141 1678 3183 autem·
1701 3133 1813 3186 hoc
1840 3138 2128 3203 peculiare
2167 3152 2269 3209 est,
2310 3173 2313 3182 .

286 3199 486 3268 quod,
522 3211 589 3251 ut
624 3206 705 3254 ita
746 3200 956 3266 dicam,
1006 3210 1191 3254 totum
1223 3189 1577 3264 hominem,⁸
1603 3213 1880 3268 quatenus
1912 3206 2118 3274 homo,
2155 3214 2194 3265 i.
2220 3227 2272 3267 e.

283 3271 585 3339 plusquam
618 3272 824 3322 animal
861 3281 978 3338 est,
1049 3288 1081 3321 a
1117 3286 1176 3321 se
1227 3274 1352 3340 ipso
1392 3270 1440 3321 &
1489 3288 1591 3338 per
1641 3288 1700 3323 se
1735 3277 1926 3340 ipsum
1961 3275 2271 3333 formatum

286 3343 603 3399 existimat,
648 3344 879 3391 omnino
916 3351 1103 3392 tamen
1137 3337 1205 3391 ab
1242 3344 1544 3406 impietatis
1579 3341 1736 3393 tutus
1774 3348 2040 3408 crimine3
2082 3357 2271 3413 quan*-

245 3408 459 3476 *quam
514 3411 665 3459 enim
709 3413 898 3475 ipsum
944 3410 1237 3461 hominem
1285 3409 1438 3461 haud
1479 3415 1791 3464 sermonem
1839 3426 2059 3469 tantum
2099 3423 2268 3470 iuve-

284 3484 436 3529 nisse
459 3481 671 3539 asserit,
708 3483 1111 3530 verumetiam
1150 3479 1332 3530 multo
1369 3476 1560 3529 labore
1598 3490 1654 3530 et
1683 3482 1875 3535 studio
1912 3484 1961 3535 ὅ(
1989 3491 2267 3539 exercitio

284 3548 441 3600 ideas
481 3547 530 3599 ὅ(
564 3550 827 3598 notiones
863 3551 1108 3614 primum
1145 3552 1489 3615 concepisse,
1526 3552 1641 3600 imo
1678 3556 1927 3618 seipsum
1960 3566 2267 3624 artem-cq-

290 3611 506 3681 gitandi
541 3616 820 3679 docuisse,
854 3628 1056 3680 tamen,
1095 3629 1160 3669 ut
1195 3634 1297 3685 par
1333 3627 1434 3680 est,
1472 3615 1799 3673 facultatem
1833 3622 2015 3689 hujus?
2040 3641 2268 3676 summae

288 3690 453 3749 artis,
506 3702 628 3753 quae
663 3695 975 3737 ceterarum
1013 3689 1267 3737 omnium
1304 3691 1510 3753 artipm
1561 3694 1768 3741 matrix
1811 3704 1912 3755 est,
1942 3700 2159 3761 ,repetit
2194 3694 2267 3746 ab

288 3764 521 3804 auctore
566 3760 744 3814 totius
798 3760 1141 3817 existentiae3
1214 3756 1336 3807 hoc.
1376 3768 1564 3807 autem
1614 3762 1805 3811 est'in
1847 3760 2268 3817 Monboddonis

291 3820 653 3889 philosophia
692 3829 1005 3891 insvetum,
1059 3826 1212 3893 quod
1248 3826 1360 3876 hoc
1393 3829 1610 3893 ipsum,
1652 3829 1808 3895 quod
1845 3842 1910 3882 ut
1942 3830 2270 3890 facultatem

290 3890 461 3944 modo
500 3894 853 3947 considerare
889 3898 1165 3958 solemus,
1200 3896 1300 3947 ille
1336 3904 1403 3945 ut
1440 3895 1692 3947 humanae
1728 3902 1861 3951 artis
1900 3917 2043 3968 opus
2081 3897 2293 3955 consi--¹

290 3962 477 4021 derat,
542 3962 639 4012 sed
672 3973 857 4017 tamen
890 3970 1007 4029 vir,
1058 3975 1125 4016 ut
1159 3968 1357 4033 pauci,
1390 3955 1734 4038 'academicae
1768 3965 1817 4018 &
1851 3972 2272 4038 peripatheticae

295 4032 567 4083 doctrinae
601 4037 817 4096 peritus
838 4072 855 4099 ,
890 4040 980 4088 -in
1017 4034 1326 4088 diffiniendo
1370 4046 1455 4087 est
1491 4038 1917 4102 sagacissimus,
1965 4044 2026 4092 in
2065 4038 2271 4093 distin-

291 4099 532 4171 guendo
566 4104 807 4156 maxime
845 4107 1092 4170 acutus,
1128 4108 1191 4158 in
1220 4106 1573 4175 explanando
1609 4110 1977 4176 perspicuus,
2034 4116 2098 4164 in
2137 4111 2271 4165 filu-

507 4199 528 4218 *
1748 4217 1874 4282 (1)
