2707 4650
737 114 765 121 '⁵
821 143 837 157 ι
1469 122 1508 157 ,χ

1402 288 1536 383 12„

457 430 664 486 Graecis
713 431 953 485 debetur
999 429 1182 484 honos
1229 431 1431 500 lingvoe
1480 442 1714 502 propter
1762 448 1994 499 sonum,
2062 433 2430 502 harmoniam,

456 505 794 571 elegantiam
845 501 1294 568 jucundissimae,
1357 512 1588 569 propter
1636 506 1963 557 varietatem
2014 509 2427 573 copiosissimae,

456 573 531 626 ob
581 572 859 626 flexiones
909 569 1324 639 perfectissimae
1371 570 1761 638 &aptissimae
1815 573 1884 625 ad
1909 582 2124 627 ‘omnes
2168 581 2430 629 notiones

454 642 882 711 exprimendas,
930 645 1008 692 ita
1046 645 1214 692 etiam
1246 639 1631 699 confitendum¹
1665 653 1773 706 est,
1851 640 2071 696 Graecos
2109 649 2295 699 omnia
2326 662 2432 698 vo-

454 718 535 765 cis
590 715 895 778 elementa,
944 726 1067 777 quae
1111 715 1423 763 necessaria
1475 711 1646 762 simul
1693 721 1824 763 sunt
1874 708 1925 762 8<
1958 713 2197 780 pulchre
2232 731 2433 769 sonan-

364 808 371 817 ‚
454 787 564 844 tia,
617 785 863 832 maxime
917 777 1390 831 convenientibus
1438 784 1614 846 signis
1663 784 2034 850 expressisse;
2074 782 2124 836 ὅ(
2157 784 2269 837 hoc
2306 788 2433 852 qui-

455 852 582 904 dem
644 855 709 903 in
770 850 978 903 literali
1040 851 1235 915 lingva·
1296 854 1686 917 praestiterunt.
1792 847 1905 903 Sed
1955 851 2237 905 literalem
2285 846 2432 906 hanc

454 922 737 986 lingvam,
792 935 954 987 qvam
1006 914 1297 970 vocalibus
1350 917 1400 970 ὅ(
1440 924 1703 971 consonis
1754 924 2158 988 exprimimus,
2193 925 2302 977 alia
2340 939 2437 975 co-

449 996 683 1044 mitatur
730 990 922 1054 lingva
974 1002 1092 1038 non
1144 989 1416 1054 literalis,
1482 1004 1589 1040 nec
1638 989 1760 1041 ullo
1815 990 2022 1042 literali
2073 994 2240 1056 signo
2299 997 2434 1045 satis

451 1072 579 1128 apte
631 1056 1027 1126 exprimenda,
1085 1073 1208 1124 quae
1245 1059 1562 1126 spiritualis
1597 1058 1792 1129 lingva
1827 1064 2060 1112 omnino
2099 1059 2215 1113 dici
2249 1077 2432 1115 mere-

444 1142 575 1191 tur-3
638 1132 898 1195 qvocirca
947 1123 997 1177 &
1043 1125 1334 1179 Rousseau
1388 1139 1681 1181 accentum
1728 1126 1932 1197 lingvae
1994 1133 2235 1189 animam
2307 1136 2430 1184 sive

446 1211 698 1253 mentem
743 1200 1126 1263 nuncupavit,
1188 1206 1254 1247 ut
1294 1196 1462 1248 nobis
1503 1198 1757 1262 videtur,
1812 1211 1896 1250 sat
1932 1201 2291 1269 naturaliter,
2323 1216 2431 1252 nec

450 1273 685 1321 omnino
747 1265 990 1332 figurate
1055 1266 1214 1317 illius
1281 1270 1583 1320 essentiam
1649 1267 1988 1321 describens.
2070 1269 2249 1336 Igitur
2297 1268 2428 1334 hoc,

446 1337 633 1406 qvod,
682 1345 881 1403 praeter
930 1336 1223 1386 literarum
1276 1333 1737 1403 discrepantiam,
1788 1349 2017 1405 gentem
2073 1356 2107 1390 a
2141 1349 2307 1405 gente
2346 1339 2432 1390 di-

446 1410 685 1473 stingvit
731 1409 882 1457 inter
934 1405 993 1456 lo
1038 1403 1313 1466 vendum,
1352 1405 1503 1471 qv'od
1544 1400 1835 1458 hominem
1883 1406 1952 1458 ab
1985 1407 2235 1475 homine,
2282 1407 2433 1474 qvod

443 1475 698 1531 nobilem
749 1472 818 1525 ab
868 1477 1004 1540 igno
1046 1475 1148 1534 ili,
1202 1473 1358 1541 quod
1400 1471 1720 1526 affectuum·
1744 1474 1794 1527 ὅ(
1829 1480 2213 1529 sensationum
2250 1481 2433 1530 varie-

443 1556 621 1599 tatem
668 1549 731 1596 in
779 1543 977 1595 eodem
1025 1544 1257 1599 homine
1307 1545 1502 1595 multis
1539 1544 1720 1598 modis
1768 1545 2118 1612 manifestat,
2169 1546 2309 1613 hoc,
2342 1552 2432 1599 in-

444 1633 641 1685 qvam‚
695 1629 860 1665 omne
896 1616 1154 1664 accentui
1190 1624 1275 1665 est
1310 1611 1737 1667 tribuendum„
1775 1613 1931 1682 Hoc,
1972 1615 2123 1683 qvod
2158 1619 2222 1666 in
2260 1617 2432 1669 Italo-

440 1703 573 1739 rum
607 1687 803 1751 lingva
844 1684 982 1735 adeo
1023 1692 1105 1735 est
1135 1698 1442 1747 sonorum,
1493 1685 1640 1751 qvod
1676 1689 1738 1738 in
1771 1682 2068 1737 Gallorum
2106 1685 2245 1737 adeo
2281 1685 2431 1753 poli-

442 1767 568 1821 tum
604 1752 652 1805 ὅ(
689 1780 761 1793 -
794 1763 860 1805 ut
894 1758 973 1805 iata
1011 1753 1190 1805 dicam
1226 1778 1296 1790 —
1345 1753 1515 1816 laeve,
1554 1754 1706 1819 qvod
1744 1758 1808 1805 in
1847 1753 2251 1808 Britannorum
2287 1754 2427 1806 adeo

441 1824 749 1892 abruptum
799 1821 857 1873 ὃ(
894 1821 1078 1884 sorte,
1141 1821 1409 1888 qvodin
1457 1822 1581 1873 aliis
1638 1821 1973 1889 qvibusdam
2021 1825 2229 1890 lingvis
2274 1824 2428 1876 exile
2469 1837 2474 1843 ·

442 1895 584 1947 adeo
654 1891 705 1943 8<
766 1890 1103 1958 qvandoque
1134 1890 1614 1954 χεοῐῐιιιοΙειιῑαιιι,
1667 1892 1794 1945 ΙιοεᾸ
1829 1892 1957 1944 dico
2009 1903 2273 1944 accentus
2322 1902 2427 1946 est.

442 1962 762 2021 ,Audientes
806 1957 1004 2013 *Gallos
1053 1957 1103 2010 ὃ(
1149 1955 1476 2011 Brittannos
1529 1956 1578 2023 8<
1614 1956 1796 2037 §eltas
1834 1962 2001 2014 simul
2035 1963 2426 2028 colloquentes

437 2033 713 2086 sermonis
751 2029 1134 2081 diversitatem
1168 2033 1355 2080 statim
1385 2028 1899 2094 animadvertimus,
1937 2036 2188 2097 qvamvis
2217 2030 2428 2083 horum

435 2106 692 2161 omnium
717 2099 1051 2152 idiomatum
1083 2103 1255 2150 simus
1290 2101 1494 2164 ignari,
1524 2095 1575 2150 &
1607 2098 1718 2150 hoc
1749 2099 1920 2157 modo
1956 2111 2189 2169 propter
2224 2116 2427 2153 accen-

434 2184 560 2227 tum
612 2170 705 2230 fit;
759 2168 808 2221 ὃ(
842 2180 1048 2231 tamen,
1094 2179 1318 2221 servato
1373 2167 1605 2233 quidem
1658 2172 1906 2221 nationis
1948 2174 2069 2222 sive
2105 2174 2290 2236 gentis
2328 2187 2428 2223 ac-
2505 2171 2515 2183 '

368 2280 371 2285 «
437 2254 629 2302 centu,
667 2238 863 2292 Gallus
902 2239 1180 2305 discrepat
1213 2254 1244 2288 a
1282 2234 1446 2287 Gallo
1483 2234 1533 2287 δ(
1567 2235 1872 2290 Britannus
1907 2256 1938 2290 a
1977 2237 2269 2302 Britanno,
2321 2255 2424 2290 ne·-

393 2355 406 2370 ,
436 2330 550 2382 que
604 2311 718 2362 haec
770 2313 927 2361 vocis
967 2305 1016 2358 ὃ(
1058 2321 1404 2373 organorum
1440 2306 1560 2357 sola
1596 2305 1892 2380 diversitas
1926 2318 2044 2371 est,
2081 2308 2180 2361 sed
2217 2320 2302 2360 est
2338 2309 2424 2362 di-

432 2384 673 2435 versitas
726 2382 788 2430 in
843 2389 980 2429 tono
1023 2392 1221 2426 vocem
1256 2379 1560 2428 comitante
1599 2391 1705 2442 pro
1741 2376 2040 2429 hominum
2074 2377 2419 2441 charactere,

432 2461 668 2510 natura,
724 2451 987 2513 ingeni0,
1016 2444 1374 2496 .educatione
1424 2446 1666 2497 varians.
1746 2443 2053 2497 Hominem
2104 2445 2349 2514 denique
2386 2465 2420 2499 a

436 2536 498 2575 se
548 2523 675 2585 ipso
724 2516 1043 2583 discrepare
1089 2513 1201 2565 hoc
1252 2524 1516 2581 respectu
1570 2513 2065 2569 animadvertimus
2103 2521 2207 2582 pro
2247 2509 2420 2568 affec-

434 2601 600 2643 tuum
651 2583 701 2637 &
748 2589 1134 2636 sensationum
1182 2588 1454 2634 continua
1497 2586 1846 2648 mutatione,
1900 2583 1950 2636 &
1995 2596 2180 2637 tamen
2232 2596 2417 2637 servat

435 2677 548 2713 suae
603 2653 889 2723 gentis&
937 2658 1029 2706 sui
1080 2653 1421 2705 characteris
1471 2663 1820 2704 constantem
1872 2651 2213 2724 accentum-⁸
2249 2653 2416 2707 Adeo

431 2727 762 2788 nationalis,
797 2724 1197 2785 individualis,
1236 2728 1357 2773 sive
1395 2717 1882 2774 characteristicus
1919 2723 1969 2775 ὃ(
2000 2723 2288 2778 mutabilis
2325 2743 2417 2778 ac-

434 2807 631 2850 centus
683 2806 785 2852 est.
870 2794 1068 2861 Itaque
1122 2793 1220 2844 hic
1258 2791 1572 2856 detegimus
1612 2793 1888 2857 qvendam
1924 2795 2102 2845 veluti
2141 2799 2416 2850 sermonis
2467 2837 2474 2850 .

436 2882 728 2931 oceanum,
762 2864 920 2914 nulla
956 2863 1142 2929 figura
1178 2859 1594 2922 delineandum,
1629 2876 1735 2914 nec
1773 2863 1893 2914 ullo
1929 2861 2096 2916 finito
2122 2866 2415 2929 signorum

428 2950 687 2988 numero.
719 2933 1168 2999 exprimendum.
1547 2940 1559 2949 ⁸

592 3000 748 3069 Quid
783 3005 975 3071 igitur·
1009 3014 1092 3053 est
1145 3002 1449 3053 accentus?
1496 3001 1811 3064 Amemus,
1864 3000 2020 3065 dico,
2056 3012 2140 3056 est
2175 3002 2281 3054 illa
2316 3004 2412 3056 vix
2449 3040 2466 3056 1

431 3073 660 3141 definite
708 3069 1061 3123 describenda
1112 3072 1170 3123 &³
1217 3071 1518 3123 innumeris
1568 3072 1741 3123 modis
1780 3074 1945 3123 varia
1980 3074 2129 3124 vocis
2163 3074 2412 3125 modula-

430 3145 540 3211 tio,
591 3160 717 3213 quoe
770 3159 974 3192 omnem
1011 3142 1290 3212 lingvam,
1341 3159 1546 3192 oncnem
1581 3158 1873 3193 sermonem
1909 3144 2236 3209 comitatur,
2273 3161 2410 3213 quo-

386 3263 391 3268 .
429 3233 533 3286 que
568 3214 630 3265 id
653 3213 975 3281 plerumque
1000 3213 1368 3280 exprimimus,
1406 3213 1551 3281 quod
1574 3213 1767 3280 lingva
1805 3211 2020 3266 literali
2055 3222 2158 3264 aut
2195 3214 2416 3280 omnino,

427 3283 648 3354 assequi
705 3300 812 3333 non
870 3300 1183 3350 possumus,
1233 3290 1336 3331 aut
1392 3283 1581 3348 aptius
1630 3284 1710 3336 sic
1757 3283 2055 3350 exprimere
2105 3300 2405 3351 speramus.

424 3351 556 3404 Haec
603 3368 735 3405 sane
787 3363 1045 3403 accentus
1097 3351 1401 3418 descriptio
1440 3367 1569 3403 cum
1621 3354 1801 3418 ipsius
1854 3357 2082 3404 nomine
2136 3350 2404 3422 qvadrat3

426 3433 689 3476 accentus
726 3426 877 3472 enim
916 3429 998 3472 est
1021 3419 1128 3488 id,
1184 3420 1330 3487 qvod
1367 3424 1614 3472 sermoni
1649 3421 1807 3472 velut
1844 3427 2138 3474 accinitur.

587 3491 776 3560 Hujus
825 3502 1014 3542 autem
1054 3496 1278 3559 *species
1334 3490 1584 3557 quaedam
1632 3502 1719 3543 est
1769 3502 2028 3543 accentus
2087 3492 2280 3541 stricte
2322 3491 2403 3544 sic

372 3594 381 3602 ·
425 3563 846 3628 dictus,‘quem
881 3559 930 3612 &
965 3570 1151 3613 tonum
1189 3570 1423 3621 vocant3
1475 3559 1633 3614 hunc
1661 3574 1960 3613 accentum
1995 3562 2198 3612 nudum
2234 3577 2403 3613 voca-

421 3649 485 3684 re
541 3630 685 3683 mihi
735 3633 1017 3698 placeret,
1064 3635 1199 3698 quia
1270 3630 1367 3682 hic
1403 3631 1572 3682 modo
1598 3645 1730 3683 ’sese
1780 3635 1992 3682 exserit
2038 3634 2101 3680 in
2163 3629 2397 3695 syllabis

420 3700 744 3752 attollendis
792 3703 881 3751 vel
932 3703 1163 3767 gravius
1201 3702 1662 3770 pronuntiandis,
1726 3699 1777 3753 &
1826 3700 1942 3751 haec
1994 3714 2126 3749 sane
2179 3709 2263 3751 est
2296 3702 2398 3753 illa

419 3782 682 3823 accentus
746 3775 969 3837 species
1027 3788 1195 3839 quem
1261 3768 1439 3821 Graeci
1493 3769 1675 3821 tribus
1724 3775 1901 3836 signis
1973 3769 2396 3832 distinxeruut3

416 3840 722 3908 verum'de
756 3840 868 3892 hoc
907 3853 1139 3893 accentu
1178 3839 1371 3908 postea
1403 3840 1643 3908 amplius
1681 3856 1786 3890 suo
1823 3841 1950 3890 loco
1988 3838 2226 3891 dicetur.
2281 3838 2395 3892 Sed

414 3914 483 3962 in
513 3911 644 3977 illo,
682 3926 851 3976 quem
886 3915 1045 3978 prius
1084 3911 1510 3975 descripsimus,
1546 3918 1777 3961 accentu
1814 3907 2079 3960 videntur
2115 3912 2392 3961 contineri

416 3983 599 4030 omnis
643 3984 917 4032 sermonis
963 3978 1327 4047 perfectiouis
1366 3983 1606 4040 semina3
1647 3978 1744 4029 hic
1782 3988 1867 4029 est
1900 3981 2060 4030 velut
2094 3971 2239 4030 illud
2275 3975 2391 4027 fer-

411 4060 683 4112 mentum,
734 4050 888 4116 quod
923 4051 1121 4102 rudem
1159 4048 1207 4100 2«
1242 4051 1512 4101 incultam
1545 4050 1792 4114 lingvam
1828 4064 2058 4102 suavem
2096 4047 2144 4099 ὃ(
2177 4057 2390 4113 gratam
2443 4091 2450 4096 .
2508 4055 2517 4094 .·

410 4119 597 4172 reddit
637 4118 687 4173 &
721 4118 1024 4174 humanam
1057 4119 1403 4180 inconditam
1439 4135 1639 4180 vocem
1672 4122 1835 4188 quasi.
1868 4123 1931 4175 in
1967 4118 2216 4180 divinam
2251 4131 2390 4169 cou-

1046 4365 1065 4408 Χ
1323 4377 1327 4398 ι
