2707 4650
1255 314 1367 400 21?

308 482 742 553 ati-‘capiendam
773 482 1103 546 orationem,
1140 472 1229 537 illi
1262 498 1476 536 novum
1508 479 1792 557 quoddam
1818 480 2142 550 injungitur
2173 499 2301 538 mu·-

307 572 421 608 nns
455 556 911 623 perspicuitatis,
978 551 1134 619 quod
1169 564 1346 621 poetae
1385 567 1674 617 nunquam
1709 555 1851 603 tanti
1898 558 2171 606 momenti
2205 559 2298 606 vi·-

307 642 436 679 sum
475 635 577 680 est.
670 617 868 675 Oratio
908 625 1093 685 enim,
1145 627 1258 675 nisi
1294 640 1326 674 a
1365 632 1636 691 praesente
1673 626 1958 689 capiatur,
2005 626 2122 676 nori
2159 639 2297 676 con-

308 697 492 746 vincit
526 694 719 753 illum',
756 696 859 759 qui
897 707 1138 760 praesens
1185 701 1301 755 est3
1338 693 1438 744 sed
1464 706 1730 754 carmen,
1767 692 1922 758 quod
1957 708 2058 745 sua
2091 704 2296 746 natura

308 767 497 831 aptius
534 766 595 813 in
629 756 898 814 memoria
938 761 1206 815 conditur
1219 754 1251 823 ,’
1279 767 1540 830 quamvis
1576 759 1906 828 obscurius,
1941 766 2166 830 saepius
2204 778 2295 823 re,-

310 828 524 885 lectum
558 832 917 899 intelligitur.
1017 830 1090 883 Et
1139 843 1308 899 poeta
1357 837 1589 886 omnino
1626 841 1814 899 potest
1860 836 1982 885 sine
2021 834 2143 884 ullo
2186 849 2294 883 suo

265 934 272 942 -
310 912 410 954 aut
446 904 706 954 carminis
747 901 949 953 damno
989 902 1332 965 nonnullos,
1366 905 1497 955 imo·
1519 902 1726 954 multos
1762 905 1924 968 parvi
1956 900 2143 954 facere
2179 902 2295 970 lec-7
2340 894 2358 915 ⁸

308 982 463 1029 toras
494 981 590 1022 aut
624 969 942 1034 auditores,
978 970 1119 1022 adeo
1144 1008 1160 1033 ‚
1213 981 1280 1022 ut
1317 973 1408 1023 illi
1442 969 1678 1039 perinde
1718 973 1823 1032 sit,
1879 981 2070 1024 utrum
2104 970 2175 1023 ab
2213 976 2294 1023 eis

195 1061 200 1070 ·
285 1048 294 1089 “.
308 1040 697 1107 intelligatur,
735 1055 840 1090 nec
873 1051 979 1102 ne,
1041 1050 1232 1092 orator
1266 1056 1411 1109 saepe
1446 1041 1671 1092 nullum
1718 1050 1906 1107 potest
1940 1040 2293 1107 vilipendere

263 1114 268 1117 “
308 1110 654 1170 auditorem;
703 1124 854 1160 unus
892 1112 1206 1174 enim,.cui
1240 1125 1359 1183 non
1394 1113 1526 1163 satis
1564 1113 1921 1177 persvaserit,
1959 1125 2165 1178 magno
2200 1114 2293 1162 in-

304 1180 529 1233 terdum
564 1180 721 1230 illius
760 1194 965 1232 caussae
1000 1178 1339 1234 detrimento
1393 1191 1494 1234 est.
1522 1176 1528 1193 '
1561 1178 1941 1247 Perspicuitas
1987 1184 2068 1241 ita
2103 1180 2296 1235 evadit

284 1248 746 1303 xfundamentalis
782 1248 1029 1315 quaedam
1050 1252 1229 1301 virtus
1265 1251 1328 1300 in
1364 1254 1636 1313 oratione,
1665 1253 1788 1300 sine
1820 1265 1931 1317 qua
1964 1253 2033 1316 is,
2068 1253 2170 1316 qui
2207 1249 2295 1300 di-

304 1324 416 1382 cit,
468 1331 647 1383 nugas
684 1320 819 1382 agit.
914 1316 1075 1370 Hanc
1112 1317 1186 1369 ob
1236 1335 1458 1373 causam
1504 1320 1604 1371 ille
1642 1323 1870 1386 cogitur
1917 1314 2156 1373 vocibus
2205 1323 2296 1371 uti

305 1384 702 1439 communibus
740 1383 791 1438 3<
826 1402 857 1437 e
894 1387 1079 1441 medio
1118 1394 1392 1458 sumptis;
1441 1388 1725 1442 obsoletas
1765 1387 2070 1453 rescindit,
2119 1392 2291 1441 nimis

304 1467 559 1521 recentes
611 1453 661 1507 ὃ(
694 1472 812 1536 11833.
838 1441 1041 1525 paru⁰m
1078 1470 1333 1526 receptas
1370 1463 1510 1511 vitat
1555 1457 1606 1511 &
1654 1463 1811 1511 omni
1861 1458 2031 1511 modo
2081 1457 2294 1516 obscu-

303 1543 396 1579 ras
429 1525 720 1594 repudiat,
760 1542 868 1579 nec
901 1543 1112 1579 vocum
1144 1528 1315 1597 modo
1353 1528 1756 1581 obscuritatem
1792 1533 1973 1591 timet,
2009 1544 2209 1584 verum
2243 1526 2347 1589 δι»,
2390 1526 2399 1539 “
2428 1532 2439 1543 ‘

225 1604 228 1605 ’
305 1598 736 1664 compositionis
775 1592 836 1655 ἃ,
864 1600 1291 1652 sententiarum.
1352 1597 1540 1662 Igitur
1573 1601 1634 1647 in
1669 1599 1768 1648 illa
1794 1597 2051 1663 periodo,
2086 1601 2149 1648 in
2182 1612 2296 1665 qua

303 1664 532 1718 dicendi
569 1681 656 1717 ars
693 1665 924 1727 colitur,
957 1669 1218 1732 inprimis
1254 1665 1353 1728 fit,
1389 1676 1456 1716 ut
1493 1669 1735 1732 antiquae
1770 1667 1962 1718 multae
1995 1681 2164 1719 voces
2202 1670 2295 1717 re-

301 1736 633 1790 scindantur
665 1737 728 1784 in
763 1737 1128 1800 universum,
1176 1728 1346 1786 etia'm
1388 1750 1420 1786 e
1456 1750 1714 1787 sermone
1754 1734 2122 1801 quotidiano,
2169 1752 2296 1803 quas

300 1816 496 1857 tamen
529 1807 592 1854 in
626 1806 891 1867 carmine,
919 1819 1032 1871 per
1066 1805 1303 1871 l'ongum
1335 1815 1559 1873 tempus
1596 1802 1878 1857 oblivioni
1914 1804 2148 1869 traditae,
2183 1809 2294 1864 ite-,

221 1884 232 1903 ¹
300 1891 434 1927 rum
464 1883 848 1926 renascantur.
917 1872 1043 1926 Hoc
1079 1878 1160 1927 sic
1197 1873 1498 1938 accidisse,
1537 1878 1601 1926 in
1637 1875 1830 1927 multis
1867 1874 2101 1943 quidem
2134 1875 2294 1942 ling-

300 1948 392 1996 vis
428 1946 563 1995 satis
600 1941 902 1995 observare
937 1944 1105 2007 licet,
1159 1939 1210 1997 8(
1244 1942 1446 1996 Graecae
1494 1956 1648 1997 certe
1685 1946 1888 2012 lingvae
1936 1944 2175 1998 historia
2211 1954 2297 1996 sat

298 2013 659 2066 luculentum
695 2013 872 2078 hujus
908 2018 994 2063 rei
1032 2013 1437 2064 documentum
1477 2025 1591 2073 est3
1630 2012 1867 2066 Homeri
1904 2020 2055 2070 enim
2093 2013 2143 2066 ὃ(
2173 2015 2293 2069 He·

299 2082 452 2134 siodi
486 2086 734 2147 carmina
770 2098 803 2130 a
834 2079 1200 2130 multitudine
1232 2076 1675 2133 Atheniensium
1713 2087 1817 2133 vix
1848 2083 2075 2135 credam
2108 2083 2290 2137 fuisse

299 2151 608 2215 intellecta,
683 2158 877 2215 roptcr
913 2151 1304 2213 antiquitatem
1328 2147 1594 2201 dictionis
1627 2160 1743 2201 tam
1777 2151 2090 2205 invocibus
2125 2167 2292 2219 quam

297 2223 364 2272 in
400 2234 593 2270 earum
665 2220 838 2268 ormis
890 2215 1108 2283 ubique
1129 2227 1564 2281 ,recurrentem3
1629 2218 1729 2272 sed
1781 2229 1968 2272 tamen
2013 2225 2292 2288 imprimis

296 2293 364 2343 in
414 2291 646 2355 antiqua
685 2287 888 2354 lingua
931 2285 1465 2356 septentrionalium
1509 2287 1628 2340 haec
1686 2300 1917 2358 apparet
1969 2287 2290 2345 differentia
2362 2337 2363 2340 ,

294 2364 449 2413 inter
477 2359 730 2425 lingvam
763 2362 1046 2425 poeticam
1076 2354 1138 2409 δι’
1159 2358 1407 2424 lingvam
1426 2360 1622 2411 solutae
1657 2364 1950 2413 orationis.
2002 2362 2108 2413 Illa
2139 2366 2293 2415 enim

294 2444 506 2482 vocum
539 2427 849 2480 multitudo
888 2440 1058 2496 atque
1100 2425 1624 2483 denominationum
1648 2435 2014 2499 poeticarum,
2051 2432 2218 2496 cuius
2253 2431 2296 2499 §.

294 2516 366 2558 κο
403 2501 750 2550 mentionem
781 2491 1051 2560 fe'cimus,
1102 2497 1459 2562 vulgonon
1487 2497 1602 2551 fuit
1636 2504 1896 2567 cognita,
1950 2513 2056 2553 nec
2101 2505 2293 2569 potuit

297 2585 366 2621 ea
401 2568 470 2619 de
506 2574 700 2618 caussa
732 2568 1017 2619 inssoluta
1054 2570 1310 2617 oratione
1361 2565 1413 2619 ὃ(
1447 2583 1636 2621 coram
1684 2575 1959 2623 concione
1994 2571 2294 2624 hominum

298 2636 582 2690 adhiberi.
648 2634 834 2687 Etiam
870 2639 1147 2687 sermonis
1187 2641 1539 2689 constructio
1575 2638 1706 2690 talis
1742 2637 1854 2690 fuit
1890 2644 1952 2693 in
1987 2655 2190 2704 versu,
2225 2649 2295 2693 ut
2372 2645 2381 2652 “

301 2722 501 2770 sensus
558 2720 738 2772 saepe
780 2707 899 2754 sine
948 2706 1130 2756 multo
1183 2704 1379 2756 studio
1425 2704 1496 2756 ab
1547 2711 1689 2758 artis
1789 2711 2103 2760 eritissimis
2164 2713 2293 2763 erui

296 2792 418 2828 non
451 2785 660 2841 posset.
735 2770 975 2827 Sensum
1011 2776 1182 2836 enim,
1215 2783 1281 2823 ut
1314 2776 1397 2825 ita
1430 2774 1635 2837 dicam,
1670 2791 1730 2829 se
1774 2777 1871 2830 ulo
1907 2778 2291 2831 condiderunt

296 2850 363 2899 in
397 2840 613 2897 difficili
651 2859 849 2907 versu,
885 2860 1037 2910 quae,
1080 2858 1253 2910 quam
1285 2860 1489 2913 parum
1523 2848 1771 2900 orationi
1802 2852 2133 2917 conveniat,
2170 2848 2293 2902 dic-

297 2919 418 2980 tio,
458 2917 556 2965 cui
589 2929 709 2965 non
745 2914 1018 2982 apparet?
1197 2949 1198 2952 κ
1389 2955 1402 2963 .
1904 2977 1910 2983 θ

478 2984 547 3034 In
584 2987 922 3036 universum
974 2993 1206 3052 apparet
1255 2983 1476 3038 dicendi
1511 2986 1659 3039 artis
1693 2990 1781 3039 vis
1820 2989 2083 3056 negativa
2118 2997 2292 3054 atque

299 3055 618 3106 restrictiva
664 3057 728 3105 in
763 3054 958 3120 lingva
1002 3052 1314 3106 formanda.
1409 3054 1511 3107 Est
1557 3061 1709 3109 enim
1755 3070 1988 3125 quoque
2038 3057 2295 3124 quasdam

239 3137 244 3142 ·
299 3125 575 3175 orationis
613 3124 880 3192 dignitas,
917 3134 1231 3191 quamcerte
1268 3128 1537 3178 carminis
1571 3141 1800 3194 quoque
1834 3138 1948 3190 est,
1983 3126 2083 3179 sed
2117 3126 2291 3193 longe

207 3239 216 3242 ,
297 3195 464 3245 aliter
503 3208 623 3244 sese
660 3190 875 3245 habens
905 3210 1115 3246 vocum
1153 3203 1417 3262 respectu
1462 3192 1513 3247 8<
1546 3199 1993 3263 compositionis.
2079 3192 2293 3248 Carmi-

296 3267 389 3315 nis
428 3261 671 3328 dignitas
710 3274 940 3330 appatet
989 3268 1049 3315 in
1087 3262 1398 3330 rhythmo,
1449 3268 1512 3316 in
1561 3282 1700 3317 sono
1742 3281 1946 3329 vocum
1986 3261 2039 3316 ὃς
2071 3281 2292 3328 versus,
2324 3285 2332 3304 ·

298 3332 350 3387 δι’
389 3337 456 3385 in
490 3337 886 3392 convenientia
923 3332 1190 3385 dictionis
1227 3351 1359 3387 cum
1394 3351 1457 3385 re
1511 3332 1563 3387 8(
1596 3350 1869 3402 persona,
1939 3350 2109 3401 quam
2145 3345 2295 3386 trac-

297 3412 414 3464 tat;
474 3405 746 3454 orationis
786 3412 971 3454 autem
996 3400 1251 3469 'dignitas
1288 3408 1546 3460 consistit
1594 3407 1656 3455 in
1708 3414 1860 3454 casto
1900 3403 2147 3469 q‘uodam
2193 3404 2294 3454 de-

298 3472 454 3524 lectu
492 3487 734 3533 vocum,
774 3483 841 3523 ut
874 3472 1032 3523 nulla
1069 3488 1321 3538 unquam
1361 3483 1639 3544 occurrat,
1681 3489 1803 3539 quae
1837 3472 2162 3526 auditorem
2198 3469 2294 3524 of-

298 3539 512 3597 fendat.
579 3540 653 3593 Et
687 3553 805 3592 non
841 3551 1038 3608 turpes
1074 3542 1264 3593 solum·
1294 3541 1534 3594 vitandae
1568 3558 1739 3594 voces
1777 3550 1911 3593 sunt
1947 3553 2118 3610 atque
2163 3555 2293 3594 sen-

298 3615 490 3663 tentiae
536 3613 598 3663 in
648 3614 940 3673 oratione,
1010 3615 1232 3662 verum‘
1258 3615 1444 3664 omnis
1480 3611 1747 3663 dictionis
1799 3614 2017 3678 ineptia
2051 3609 2102 3664 δε
2135 3613 2323 3677 inin-0

299 3678 559 3734 cunditas
595 3679 644 3735 δι
678 3680 993 3734 scurrilitas
1027 3679 1113 3733 est
1148 3678 1451 3746 fugienda,
1503 3685 1770 3748 quocirca
1808 3685 2023 3734 oratori
2063 3698 2182 3734 non
2220 3675 2299 3733 lii

165 3755 206 3828 Ι(
294 3758 419 3809 cet,
455 3750 731 3819 quicquid
764 3755 829 3803 in
867 3747 1104 3802 buccam
1136 3753 1389 3815 venerit,
1424 3749 1766 3816 eblaterare,
1816 3750 1920 3806 sed
1957 3755 2146 3806 omnia
2182 3750 2294 3804 hu·
2330 3779 2337 3788 -

295 3818 558 3887 jusmodix
581 3820 901 3874 rescindere
940 3823 1187 3887 cogitur.
1347 3883 1357 3894 „
1867 3867 1873 3880 ,
2160 3839 2198 3870 -·
2368 3879 2377 3882 ,

275 3895 280 3907 ’
473 3885 728 3956 Cumque
768 3892 1003 3944 omnino
1039 3895 1425 3947 necessarium
1459 3894 1534 3946 sit
1553 3934 1569 3959 ,
1605 3891 1885 3947 auditoris
1921 3893 2297 3946 attentionem.

297 3961 394 4010 eo'
420 3956 657 4026 ducere,
710 3977 823 4028 quo
875 3964 1090 4013 oratori
1141 3962 1360 4029 placet,
1407 3974 1576 4030 atque
1624 3974 1802 4017 totam
1849 3967 1912 4015 in
1965 3963 2125 4014 illam
2170 3977 2294 4015 rem

251 4039 260 4064 ²
296 4038 652 4090 convertere,
678 4045 847 4095 quam
887 4036 1011 4098 ipse
1047 4033 1315 4100 postulat,
1350 4038 1539 4096 omnia
1573 4032 1683 4085 sibi
1721 4033 1953 4086 vitanda
1992 4035 2322 4094 existimat‚·
2380 4047 2391 4058 ²

293 4116 418 4166 quai
453 4098 576 4150 ullo
625 4099 797 4150 modo
839 4105 1059 4168 possint
1093 4116 1125 4150 a
1160 4109 1452 4172 proposita
1490 4119 1552 4155 re
1594 4103 1880 4155 audientis
1915 4105 2291 4154 attentionem
2385 4155 2388 4159 Α

293 4169 388 4222 vel
432 4185 538 4239 per
582 4179 948 4224 momentum'
977 4168 1296 4227 deflectere.
1377 4173 1528 4230 Hinc
1572 4175 1719 4227 =sono
1753 4173 1968 4250 similes
2004 4170 2056 4226 δε
2091 4172 2292 4226 homo·
2336 4175 2339 4180 ’
