2707 4650
459 431 572 485 que
618 425 831 469 naturae
879 417 1185 468 commotio
1242 412 1618 471 animantibus
1673 413 1724 467 8<
1748 418 1981 485 ‘cuique
2021 417 2273 472 audienti
2312 415 2365 473 ὅ(

533 489 797 554 rcipienti
832 484 1143 553 significari
1185 486 1347 537 solet.
1434 482 1511 537 Hi
1545 474 1776 553 quoque
1824 492 1952 539 soni
1987 493 2147 541 vario
2192 480 2364 542 modo

505 561 758 608 ominum
792 566 1007 606 mentes
1044 553 1324 616 afficiunt3
1366 555 1659 619 nonnullis
1697 558 1848 608 enim
1881 556 2142 610 homines
2176 559 2367 611 laetan-

460 635 558 677 tur
590 652 662 665 —
696 629 784 677 uti
815 625 992 692 rivuli
1026 640 1265 677 susurru
1300 651 1370 663 —
1395 626 1520 677 aliis
1558 622 1960 745 cotgristantur
1994 654 2068 669 —
2099 632 2188 681 uti
2222 644 2371 680 cam-

458 710 755 764 panaevper
788 694 1101 761 regularia,
1142 694 1239 745 sed
1275 694 1535 760 longiora
1570 691 1655 745 i'nt
1691 695 1865 747 rvalla
1900 701 2142 765 repetita
2178 699 2371 765 pulsa-

460 769 619 817 tione
667 792 734 804 —
771 766 899 815 aliis
939 765 1052 815 alio
1088 763 1258 815 modo
1293 759 1648 826 afficiuntur}
1702 765 1932 830 quidam
1984 771 2136 817 enim
2184 778 2373 819 terro-

463 850 615 896 rem,
666 835 765 886 alii
800 837 940 886 iram
978 838 1243 885 excitant.
1338 831 1505 885 Adeo
1553 832 1645 883 his
1680 832 1980 901 sonitibus,
2026 836 2263 902 quadam
2303 852 2381 887 ex

415 968 418 973 λ
463 914 659 971 parte,
710 902 779 954 fit
814 908 1213 955 commercium
1249 906 1557 957 notionum.
1587 899 1638 952 ὃ(
1669 907 2082 969 sensationum,
2120 917 2379 958 naturam

464 977 617 1026 inter
641 983 811 1040 atque
846 971 1123 1025 homines.
1159 968 1510 1040 'Quanquam
1536 975 1696 1023 'enim
1723 974 1879 1025 soliti
1909 988 2104 1026 sumus
2134 979 2196 1026 in
2231 991 2377 1042 quo-

463 1043 679 1094 tidiano
713 1057 970 1094 sermone
1004 1042 1259 1097 naturam
1295 1042 1653 1094 considerare
1689 1045 1785 1093 uti
1808 1057 2061 1110 magnam
2096 1044 2375 1110 qvandam

460 1128 695 1165 massam
728 1116 990 1175 materiae,
1030 1111 1371 1164 mechanicis
1406 1111 1653 1180 legibus,
1692 1127 1767 1163 ex
1801 1118 2100 1167 creationis
2131 1118 2378 1165 necessi-

466 1191 601 1244 tate,
637 1197 755 1232 non
793 1197 896 1234 sua
930 1192 1149 1250 sponte,
1187 1180 1567 1245 obedientem,
1604 1197 1722 1232 non
1759 1192 1842 1234 est
1882 1198 1948 1235 ea
1982 1182 2380 1251 philosophica
2456 1218 2457 1221 κ

463 1252 624 1304 illius
672 1252 1093 1320 contemplatio.
1179 1250 1570 1318 Philosophus
1624 1254 1778 1303 enim
1810 1264 2072 1305 naturam
2115 1256 2378 1305 v'contem-

463 1322 658 1390 platur
705 1331 882 1372 totam
914 1326 1005 1389 uti
1036 1336 1302 1388 magnum
1353 1313 1637 1387 quoddam
1671 1322 1890 1384 vivens,
1952 1341 2127 1393 agens
2173 1320 2224 1373 ὃ(
2262 1340 2380 1391 pa·-

467 1392 645 1452 tiens,
695 1394 792 1442 cui
829 1395 1016 1444 omnia
1052 1395 1422 1456 contingunt,
1477 1406 1600 1457 quae
1633 1390 1959 1443 viventibus
2010 1393 2197 1444 solent
2236 1407 2382 1459 con-

468 1463 721 1527 tingere,
755 1462 851 1511 cui
887 1461 1087 1513 vitales
1121 1464 1318 1511 insunt
1352 1462 1586 1527 spiritus
1623 1458 1672 1511 8(
1705 1464 2016 1523 motiones,
2064 1461 2219 1527 quod
2256 1465 2386 1514 vio-

466 1529 639 1581 lentis
674 1526 1010 1596 quibusdam
1045 1525 1442 1583 affectionibus
1476 1526 1756 1582 morbosis
1789 1541 1873 1582 est
1902 1528 2238 1583 obnoxium.
2309 1529 2386 1582 Et

466 1599 743 1670 talimodo
765 1654 770 1659 ,
792 1615 963 1653 sonos
999 1604 1075 1669 in
1111 1602 1447 1652 universum
1498 1596 1802 1652 observans
1822 1630 1826 1635 ·
1848 1603 1938 1652 uti
1964 1609 2163 1671 potens
2209 1600 2386 1673 quod-

467 1670 600 1720 dam
635 1670 870 1723 medium
905 1669 1408 1729 communicationis
1441 1673 1505 1721 in
1539 1680 1659 1723 tota
1692 1669 1927 1733 natura,⁴
1946 1675 2171 1728 statuit,
2210 1684 2392 1738 gene-

470 1742 592 1791 rice
626 1739 887 1805 loquens‚
925 1756 1150 1792 omnem
1182 1753 1388 1797 sonum
1419 1753 1541 1789 esse
1580 1738 1862 1804 quendam
1893 1755 2228 1805 sermonem,
2265 1754 2385 1805 quo
2464 1762 2473 1773 ν

469 1811 664 1874 magni
696 1816 908 1858 naturas
952 1810 1259 1876 organismi
1307 1804 1635 1859 affectiones
1674 1805 2063 1879 declarantur,
2130 1809 2386 1863 mortali-

475 1874 700 1944 busque
736 1875 788 1929 &
822 1881 1026 1930 ceteris
1061 1873 1398 1930 animalibus
1437 1879 1961 1929 communicanturz

666 1960 859 2014 There
893 1965 943 2014 is
980 1978 1012 2013 a
1045 1961 1235 2014 lesson
1280 1960 1350 2014 in'
1379 1960 1478 2013 the
1513 1961 1726 2028 rolling
1759 1977 1937 2025 wave‚

664 2028 802 2086 And
834 2028 1064 2101 mighty
1098 2035 1358 2105 warning
1392 2034 1457 2084 in
1488 2030 1588 2085 the
1623 2028 1902 2085 thunders
1937 2048 2088 2101 roar,

567 2271 817 2347 Quidam
853 2274 1059 2329 volunt
1091 2274 1187 2328 vel
1221 2274 1396 2328 latius
1446 2290 1670 2330 sumere
1721 2273 2199 2345 significationem
2235 2281 2395 2333 vocis

404 2347 620 2420 lingva,
654 2346 1165 2412 animadvertentes
1202 2349 1373 2397 etiam
1406 2350 1809 2398 commercium
1841 2348 2099 2399 idearum
2139 2349 2398 2414 quando-

407 2435 524 2487 que
560 2422 736 2485 signis
775 2416 827 2499 ὃς
871 2413 1124 2484 gestibus
1158 2413 1316 2478 fieri,
1363 2430 1535 2481 quam
1573 2417 1836 2485 nonnulli
1878 2426 2089 2468 mutam
2125 2418 2394 2487 linguam,

407 2493 532 2543 sive
577 2489 894 2556 loquelam,
951 2490 1075 2549 sive
1114 2500 1431 2536 sermonem
1471 2501 1779 2547 vocavere3
1845 2484 1942 2538 hic
1994 2497 2185 2538 autem
2238 2492 2398 2558 *focis

359 2601 381 2615 ,,
406 2573 608 2611 sensus
654 2561 899 2609 maxime
934 2556 1108 2624 impro
1146 2555 1265 2605 rius
1300 2564 1413 2620 est,
1458 2559 1806 2622 namipsius
1839 2559 2094 2608 notionis
2128 2561 2394 2623 negatio-

406 2643 539 2680 nem
575 2630 638 2680 in
673 2642 734 2686 se
773 2629 1041 2679 continet.
1167 2633 1310 2691 eque
1346 2625 1540 2691 lingva
1579 2636 1732 2677 recte
1767 2636 2040 2677 vocantur
2074 2626 2175 2678 illa
2212 2630 2392 2694 signa,

406 2695 622 2766 quibus
656 2700 803 2751 muti
838 2694 888 2760 ὅ(
920 2696 1081 2749 surdi
1115 2704 1377 2762 utuntur,
1409 2696 1616 2763 lingvae
1649 2700 1809 2758 vice,
1835 2700 2092 2763 quamvis
2131 2697 2225 2749 vel
2258 2701 2395 2749 arti-

406 2769 652 2820 culatam
684 2766 734 2820 &
765 2766 1045 2836 literalem
1094 2764 1343 2830 lingvam
1378 2765 1582 2817 iisdem
1620 2770 1972 2832 expriment3
2038 2765 2156 2816 haec
2205 2778 2397 2820 autem

410 2842 572 2904 signa
605 2846 826 2888 tantum
859 2846 994 2887 sunt
1032 2836 1269 2900 lingvae,
1317 2835 1643 2912 illius‘loco
1683 2833 1990 2885 substituta
2025 2834 2095 2886 ad
2129 2839 2394 2888 notiones

345 2917 354 2978 ἰ
411 2906 830 2974 exprimendas.
923 2902 1143 2969 Lingva
1188 2914 1379 2958 autem
1429 2909 1660 2957 omnino
1696 2907 1849 2958 intra
1897 2905 2027 2956 soni
2063 2907 2187 2957 sive
2235 2909 2396 2959 vocis
2433 2939 2445 2956 ,

410 2975 624 3054 limites
665 2970 959 3044 qvaeranda
993 2984 1097 3026 est·

1301 3074 1365 3160 §a
1447 3086 1512 3149 3.

571 3169 793 3248 'Lingva
825 3177 1073 3231 humana
1109 3180 1282 3231 etiam
1330 3193 1516 3231 sermo
1559 3192 1703 3246 saepe
1737 3185 1990 3236 vocatur.
2061 3173 2262 3233 Serme
2297 3197 2397 3233 au-

415 3260 535 3303 tem
581 3261 667 3302 est
711 3250 806 3303 vel
856 3254 920 3301 in
958 3259 1111 3302 certa
1156 3245 1406 3302 membra
1451 3247 1700 3311 divisus,
1765 3248 2157 3316 distinctisque
2210 3251 2427 3303 literis·

417 3323 755 3380 enunciatus
772 3336 790 3370 ε
843 3318 1212 3382 articulatus,
1266 3319 1362 3371 vel
1396 3334 1514 3368 non
1556 3321 1638 3369 sic
1680 3316 1892 3379 divisus
1909 3336 1925 3369 ε
1977 3319 2400 3371 inarticulatus.

414 3388 717 3454 Excultior
766 3389 1068 3450 hominum
1099 3390 1293 3455 lingva
1332 3386 1627 3440 articulata
1666 3397 1751 3439 est
1794 3392 2041 3443 maxima
2095 3406 2171 3441 ex
2206 3398 2399 3455 parteg

341 3473 346 3480 “
407 3457 644 3524 rudior,
695 3464 783 3512 uti
812 3458 1123 3522 infantum,
1171 3474 1291 3510 non
1325 3467 1411 3511 est
1444 3455 1635 3521 (videl.
1674 3459 1989 3528 articulata)
2004 3477 2023 3522 3
2057 3455 2109 3510 &
2148 3457 2403 3510 bestialis

418 3532 605 3585 omnis
639 3529 834 3601 lingva
866 3538 954 3583 est
984 3528 1379 3581 inarticulata.

592 3618 805 3671 Annot.
906 3613 1248 3670 Articulatae'
1282 3617 1490 3684 ling-vas
1536 3617 1781 3669 imitatio
1796 3655 1814 3684 ,
1842 3681 1863 3688 ἒ
1879 3629 2045 3683 qvam
2092 3612 2398 3667 nonnullas

485 3702 649 3750 aves,
691 3690 783 3738 uti
810 3701 1011 3738 corvos
1046 3682 1109 3737 δι’
1131 3690 1384 3738 cornices
1438 3684 1488 3738 ὃ(
1521 3687 1658 3738 alias
1701 3686 1905 3738 docere
1941 3685 2155 3747 solent,
2209 3699 2398 3736 sermo

487 3757 719 3824 quidem
772 3771 891 3808 non
927 3767 1063 3819 est‚·
1103 3755 1203 3809 sed
1249 3754 1640 3809 tantummodo
1692 3766 1777 3808 est
1818 3758 2063 3808 imitatio
2101 3760 2397 3818 sermonis,

483 3842 615 3878 nam
645 3826 903 3882 idearum
938 3829 1506 3879 communicationem
1539 3842 1658 3878 non
1689 3824 1864 3878 habet
1897 3840 2000 3892 pro
2034 3840 2239 3894 scopo,
2290 3839 2398 3875 nec

464 3895 605 3961 'ipsa
627 3896 858 3964 quidem
893 3900 1049 3948 vocis
1080 3898 1400 3948 articulatio
1429 3882 1581 3949 fecte
1613 3900 1708 3947 avi
1734 3893 2041 3958 tribuitur,
2078 3910 2208 3946 cum
2243 3891 2397 3945 haud

455 3966 605 4034 ,sine
639 3967 819 4018 multa
854 3961 1180 4019 difficultate
1210 3965 1553 4035 adipiscatur
1579 3964 1967 4035 imperfectam
1996 3963 2277 4032 quandam
2304 3978 2396 4013 ar·-

481 4034 829 4088 ticulationis
866 4039 1240 4089 imitationem
1256 4073 1273 4099 ‚
1319 4045 1444 4103 qu‘ae
1482 4047 1670 4093 tamen
1718 4051 1939 4108 semper
1973 4033 2044 4090 ab
2075 4036 2258 4105 ipsius
2293 4047 2398 4087 na-

400 4156 417 4177 ,
475 4114 605 4158 tura
642 4109 889 4160 maxime
924 4105 1153 4161 videtur
1188 4108 1388 4163 aliena·

2398 4011 2408 4036 l

2503 1670 2509 1693 l
