2707 4650
1367 244 1449 326 16

347 439 349 446 ·
428 410 654 462 stinctio
674 448 687 474 ‚
737 402 964 460 affectus
1001 406 1149 460 enim
1184 419 1305 464 sese
1341 408 1592 481 produnt
1628 405 1679 465 ὅ(
1712 408 1775 461 in
1811 408 2061 465 vocibus
2084 402 2323 480 singulis
2346 412 2408 466 2&

431 487 495 533 in
529 482 834 533 sententiis.

535 604 536 607 Ἴ
572 564 576 569 ·
609 545 868 615 Ceterum
917 549 1100 615 (inops
1151 546 1222 600 ab
1272 550 1442 600 initio
1490 547 1727 600 literalis
1764 549 1962 616 lingua
2013 551 2406 620 singulis'fere

394 616 665 684 ‘syllabis
716 620 903 667 omnia
963 620 1137 669 animi
1184 618 1343 670 sens'a
1395 621 1706 686 expressit,
1772 629 2009 686 tumque
2045 615 2224 674 ⁴voces
2275 639 2406 675 sane

430 688 666 740 fuerunt
724 689 966 750 integrae.
1017 691 1302 738 sententiae
1328 724 1344 749 ,
1389 688 1484 738 vel
1530 690 1756 755 potius,
1806 689 1968 741 nulla
2014 696 2242 745 omnino
2293 692 2410 746 fuit
2477 702 2482 706 '

405 759 578 815 ,clara
630 755 917 807 distinctio
968 771 1174 807 vocum
1222 767 1391 822 atque
1439 760 1790 822 integrarum
1838 766 2261 814 sententiarum.
2326 762 2407 814 ·In

375 868 381 873 .
430 827 543 879 hoc
592 836 740 876 statu
786 840 969 875 sermo
1019 823 1324 877 bestiarum
1376 830 1507 877 voci
1556 829 1790 894 propior
1818 829 2019 895 ⁴multo
2054 837 2241 882 minus
2280 836 2410 899 qui-

431 896 558 947 dem
600 899 671 945 ’in
723 911 832 947 usu
881 893 1028 956 fuit,
1078 910 1183 946 nec
1217 899 1344 947 ‘nisi
1384 907 1627 963 urgente
1662 895 1904 962 quadam
1934 904 2266 952 necessitate
2310 911 2409 952 aut

424 965 687 1034 periculo
725 975 823 1015 aut
855 965 1027 1014 afnimi
1062 969 1441 1016 commotione
1477 967 1729 1016 violenta
1756 969 1822 1017 in
1855 982 1995 1018 voce
2033 970 2292 1036 prorupit
2325 970 2406 1033 id,

428 1035 585 1101 quod
629 1037 814 1084 animo
857 1043 976 1084 erat
1010 1034 1386 1088 reconditum.
1472 1034 1625 1087 Tum
1662 1049 1794 1086 sane
1831 1040 1934 1087 vix
1955 1038 2122 1101 nllus
2156 1036 2273 1090 fuit
2307 1057 2412 1092 vo—

427 1110 508 1156 cis
556 1101 893 1168 rhythmus,
944 1101 1043 1163 sed
1094 1115 1356 1156 accentus
1412 1100 1643 1170 quidem
1690 1120 1912 1172 semper
1956 1104 2086 1157 fuit.
2172 1105 2286 1158 Sed
2340 1121 2409 1161 ut
2433 1135 2461 1179 g

424 1175 624 1240 lingua
674 1174 967 1240 paullatim
1015 1188 1119 1239 per
1169 1183 1461 1247 accentum
1494 1172 1765 1238 formari,
1803 1192 1971 1228 voces
2013 1173 2062 1227 &
2097 1175 2324 1242 syllabae
2358 1177 2409 1231 8<

424 1245 715 1296 sententiae
754 1258 829 1293 ex
865 1241 1169 1295 indiscreta
1203 1241 1615 1297 vociferatione
1653 1245 1947 1312 distingui,
1987 1243 2160 1307 verba
2192 1245 2240 1298 ὅ(
2268 1263 2433 1298 ·sen-‹

422 1317 611 1366 teutiae
668 1309 1094 1379 prolongari&
1140 1316 1448 1376 continue,
1498 1314 1597 1365 sed
1651 1319 1867 1366 variato
1916 1331 2175 1368 sermone
2200 1316 2407 1383 *plures

339 1389 347 1395 '
427 1383 599 1435 simul
648 1385 910 1432 notiones
963 1384 1208 1447 exprimi
1244 1393 1590 1452 coeperunt,
1631 1394 1758 1434 tum
1797 1400 1930 1434 sane
1956 1389 2204 1436 ¹accessit
2240 1391 2410 1440 etiam

389 1504 401 1523 Ι
425 1451 765 1517 rhythmus,
820 1453 921 1517 qui
973 1453 1143 1501 variis
1204 1450 1386 1502 modis
1426 1456 1674 1517 sermoni
1711 1457 2183 1516 concinnitatem,
2219 1473 2410 1509 amoe-
2478 1452 2485 1459 ”

422 1525 684 1584 nitatem,
739 1519 1122 1580 harmoniam,
1201 1519 1494 1586 emphasin
1541 1522 1885 1574 conciliavit.
1957 1523 2024 1574 In
2061 1521 2410 1591 monosylla-

421 1589 554 1643 bico
607 1591 711 1640 illo
763 1603 1020 1641 sermone
1071 1588 1375 1655 rhythmus
1426 1605 1535 1641 nec
1570 1588 1760 1643 locum
1793 1591 2003 1644 habere
2041 1597 2263 1660 potuit,
2300 1611 2406 1647 nec

421 1663 655 1713 omnino
711 1657 825 1711 fuit
878 1662 1254 1720 necessarius;
1331 1659 1601 1726 quamdiu
1626 1660 1631 1693 s
1657 1665 1806 1713 enim
1841 1661 2015 1714 homo
2053 1660 2406 1727 solummodo

424 1731 746 1797 simplicem
772 1726 1051 1794 quandam
1087 1732 1378 1791 notionem
1398 1740 1513 1781 ‘aut
1542 1731 1793 1798 'simplex
1827 1731 2062 1798 aliquod
2101 1735 2275 1783 animi
2310 1749 2437 1800 pa·-⁴

421 1800 614 1853 thema
661 1812 999 1864 unaquaque
1034 1812 1176 1848 voce
1226 1804 1540 1865 expressit,
1593 1799 1865 1865 quamdiu
1918 1801 2161 1869 simplici
2199 1800 2248 1852 &
2286 1819 2405 1854 uno

422 1867 626 1920 affectu
675 1872 987 1935 puerorum
1033 1863 1192 1916 more
1246 1866 1706 1919 commovebatur
1754 1879 1925 1935 atque
1980 1868 2289 1935 cogebatur
2335 1872 2405 1925 ad

421 1935 770 2005 loquendum
820 1935 914 1986 vel
963 1938 1156 2001 potius
1192 1933 1648 1999 vociferandum,
1683 1938 1841 1988 nulla
1879 1942 2109 1990 omnino
2150 1944 2406 2007 require-

418 2008 587 2060 batur
619 2005 922 2057 distinctio
972 2003 1293 2068 rhythmica
1329 2009 1515 2068 vocis,
1553 2003 1652 2056 sed
1682 2005 1907 2072 quando
1950 2004 2250 2060 affectuum
2283 2013 2409 2060 vio-

418 2080 596 2131 lentia
621 2075 902 2126 moderari
928 2076 1132 2140 coepit,
1164 2077 1428 2127 notiones
1462 2075 1884 2142 multiplicitate
1919 2080 2119 2142 augeri
2155 2075 2206 2128 8<
2240 2082 2408 2129 variae

421 2147 472 2208 ὃ(
517 2147 823 2212 complexae
876 2144 1046 2195 simul
1102 2148 1379 2210 exprimi,
1443 2155 1568 2196 tum
1617 2160 1750 2197 sane
1803 2150 2184 2199 necessarium
2210 2145 2409 2200 -Iiebat

423 2216 710 2282 rhythmo
737 2214 1098 2279 distingvere,
1148 2213 1303 2278 quod
1338 2216 1571 2265 incertis
1605 2224 1925 2280 temporum
1959 2217 2272 2268 intervallis
2309 2235 2410 2273 an-

420 2297 513 2339 tea
550 2301 653 2354 per
690 2300 749 2336 se
786 2286 919 2335 satis
960 2282 1288 2350 distinctum
1330 2292 1434 2336 est.
1513 2279 1902 2346 Sinesensium
1937 2284 2130 2350 lingva
2167 2302 2406 2353 quomo·
2489 2296 2499 2307 '

425 2356 499 2408 do
550 2371 607 2407 se
661 2353 885 2422 habeat)
916 2350 1027 2403 hoc
1064 2361 1343 2418 respectu,
1400 2355 1462 2402 in
1498 2351 1795 2412 dcctorum
1828 2351 1989 2403 libris
2026 2369 2142 2420 non
2184 2360 2409 2409 inveni-

385 2442 582 2487 ,mus,
628 2440 733 2474 nec
781 2427 967 2489 potest
1014 2419 1121 2470 hoc
1170 2423 1303 2469 satis
1355 2419 1656 2486 diligenter
1704 2418 1755 2471 ὃς
1797 2428 2053 2472 accurate
2097 2420 2403 2488 observari,

421 2498 536 2550 nisi
582 2496 709 2559 quis
759 2500 1089 2558 praesentem
1135 2489 1328 2540 audiat
1379 2486 1735 2565 Sinesensein
1782 2488 2142 2556 loquentem3
2192 2492 2290 2543 sed
2326 2510 2404 2547 ex

421 2566 574 2625 illis,
630 2578 752 2628 quae
801 2560 869 2610 de
908 2558 1013 2610 hac
1049 2557 1257 2623 lingva.
1280 2570 1551 2626 apparent
1588 2575 1619 2609 e
1655 2562 2068 2611 commentariis
2106 2560 2404 2617 doctorum

418 2631 472 2688 ὅ(
520 2627 965 2696 monosyllabica
1023 2628 1233 2693 linguae
1285 2626 1639 2692 formatione,
1694 2627 1827 2680 sine'
1869 2633 2109 2702 erroris*
2141 2634 2432 2700 periculo,

343 2743 349 2752 ,
418 2701 827 2767 concludimus,
875 2699 966 2750 illi
1021 2700 1127 2749 vix
1188 2697 1375 2750 ullum
1422 2703 1606 2750 inesse
1655 2698 2006 2764 rhythmum,
2058 2711 2156 2751 aut
2201 2703 2400 2755 saltem
2448 2764 2453 2768 ι

422 2774 604 2826 multo
640 2774 815 2837 magis
850 2766 1133 2838 incertum
1168 2764 1217 2819 8<
1247 2769 1651 2835 irregularem,
1688 2784 1855 2837 quam
1888 2772 1952 2821 in
1984 2769 2198 2836 linguis
2233 2772 2404 2839 poly-

419 2840 731 2910 syllabicis.
1577 2868 1581 2872 v

1281 2940 1352 3025 §f
1426 2951 1531 3018 19·
1599 2965 1604 2972 ⁹
2330 3015 2333 3018 y
2490 3027 2497 3036 N

564 3042 568 3046 ’
596 3025 818 3103 Musica
853 3055 1040 3104 autem
1076 3061 1164 3106 ars
1202 3056 1287 3099 est
1318 3075 1390 3088 —-
1443 3058 1510 3100 ut
1542 3046 2066 3102 mathematicorum
2092 3040 2240 3111 'voce
2269 3057 2402 3101 utar
2446 3066 2465 3080 ²

419 3148 497 3164 —
539 3119 789 3189 quaedam
837 3127 1098 3169 accentus
1146 3134 1294 3169 nova
1331 3118 1616 3188 dignitas,
1650 3123 1769 3171 sive
1811 3123 2097 3187 potentia,
2132 3135 2262 3174 nam
2298 3133 2401 3184 per

423 3193 581 3245 illam
632 3189 816 3241 multo
871 3190 1120 3253 apertius
1171 3202 1375 3254 magna
1423 3204 1456 3239 a
1496 3190 1721 3255 parvis,
1754 3188 1985 3255 grandia
2019 3188 2088 3240 ab
2130 3185 2396 3247 exilibus,

422 3261 689 3314 sublimia
724 3276 754 3309 a
791 3255 1103 3323 depressis,
1158 3261 1302 3308 seria
1337 3276 1370 3310 a
1405 3256 1672 3323 ludicris,
1718 3260 1839 3311 laeta
1878 3276 1910 3311 a
1945 3256 2235 3320 tristibus,
2259 3259 2395 3305 ‘vio-

419 3331 574 3384 lenta
627 3346 658 3381 a
699 3326 932 3395 placidis
967 3324 1396 3391 distingvuntur
1432 3324 1482 3377 8<
1520 3327 1920 3380 discernuntur
1954 3331 2017 3379 in
2055 3327 2397 3384 sensationi-

419 3398 527 3465 bys
563 3398 905 3451 mortalium.
974 3394 1057 3445 Ita
1094 3393 1340 3449 dubitari
1380 3412 1501 3448 non
1533 3407 1738 3464 potest,
1775 3403 1917 3464 quin
1948 3398 2049 3459 illa
2085 3397 2395 3447 maximum

418 3470 726 3523 contulerit
779 3464 846 3518 ad
898 3465 1100 3529 lingvae
1148 3463 1574 3527 formationem3
1627 3470 2017 3533 potissimum,
2061 3479 2188 3515 cum
2237 3463 2397 3515 illam.

417 3540 516 3591 vel
567 3537 741 3589 hodie
790 3533 1078 3587 videamus
1130 3534 1200 3586 ad
1268 3536 1560 3587 variarum
1608 3536 1929 3603 lingvarum
1997 3534 2439 3586 formationem·

415 3612 726 3662 maximum
760 3602 1035 3668 conferre,
1073 3604 1231 3666 adeo,
1279 3614 1344 3657 ut
1379 3604 1631 3672 quaedam
1664 3605 1797 3657 inde
1834 3604 2174 3674 peculiarem
2213 3606 2396 3654 omni-

416 3696 493 3731 no
531 3678 910 3729 characterem
941 3677 1350 3728 nanciscantur.
1446 3673 1727 3742 Exemplo
1766 3679 1841 3727 sit
1874 3676 2067 3740 lingva
2100 3673 2391 3746 Italorum,

418 3766 541 3815 quae
592 3748 922 3812 elegantiam
968 3748 1241 3795 musicam
1301 3748 1365 3795 in
1417 3742 1679 3795 omnibus
1731 3741 1850 3795 fere
1901 3741 2098 3793 formis
2136 3753 2393 3794 venatur.

413 3817 633 3870 Musice
670 3826 933 3882 quantam
983 3812 1104 3865 vini
1134 3824 1396 3866 exerceat
1428 3816 1491 3872 ¹in
1528 3813 1775 3864 hominis
1798 3815 2076 3880 animum,
2111 3825 2393 3879 quamque
2436 3827 2441 3832 ·

416 3893 567 3938 arcte
619 3889 691 3938 iis
742 3888 816 3936 sit
849 3885 1079 3950 juncta,
1129 3899 1253 3949 quae
1288 3886 1352 3950 i'n
1390 3885 1591 3937 intimo
1626 3882 1875 3934 hominis
1912 3886 2098 3935 animo
2136 3892 2266 3935 sunt
2302 3894 2395 3929 re·-

416 3956 678 4018 condita,
729 3958 855 4020 quis
911 3969 1034 4005 non
1065 3953 1358 4018 agnoscit?
1405 3951 1613 4019 Ecquis
1649 3966 1765 4000 non
1805 3962 1889 4004 est
1925 3965 2194 4020 expertus
2229 3949 2389 3999 illam

414 4027 707 4080 notionum
757 4020 808 4073 ὃς
851 4022 1107 4076 idearum
1142 4036 1396 4087 magnam
1425 4019 1856 4073 multitudinem
1890 4029 2096 4089 partim
2135 4023 2390 4087 gignere,

412 4098 617 4163 partim
680 4098 948 4149 excitare.
1060 4089 1328 4146 Dubitari
1391 4094 1583 4159 itaque
1652 4106 1769 4144 non
1823 4102 2043 4162 potest,
2103 4092 2243 4159 quin
2290 4087 2394 4139 illa
