2707 4650
1471 287 1558 354 26

521 432 842 505 necessario
890 433 1150 502 sequitur
1166 426 1188 500 ,'
1224 432 1580 509 experientia
1615 436 1873 509 vulgaris
1924 441 2069 504 (quae
2104 453 2208 507 per
2253 454 2312 492 se
2349 441 2519 495 etiam

520 505 693 558 inodo
730 507 961 557 materia
996 503 1249 571 quaedam
1279 504 1596 575 prudentia}
1630 511 1757 575 est),
1812 510 2007 574 potius
2057 506 2288 576 ducunt,
2339 521 2522 566 totam

520 576 772 628 hominis
808 571 1288 642 subjectivitatem
1334 577 1713 647 multiplicare
1756 587 1855 628 aut
1890 574 2060 642 etiam
2111 581 2272 632 velut
2305 579 2526 633 distan-

520 656 641 698 tem
717 659 909 699 onere.
981 691 986 697 .

726 730 799 764 aec
834 716 1158 781 quanquam
1191 730 1308 766 non
1342 718 1530 780 gravis
1567 718 1751 782 primo
1790 726 2021 784 aspectu
2052 734 2140 771 res
2175 713 2365 772 tamen
2399 737 2520 774 ser-

519 800 748 838 monem
783 785 979 843 multis
1014 785 1199 851 modis
1249 781 1466 857 affecit3
1504 784 1646 838 ›hoc
1688 797 1852 854 pacto
1908 791 2061 839 enim
2102 794 2165 841 in
2201 782 2520 844 sermonem

519 853 847 910 introducta
884 866 969 907 est
1002 855 1294 921 dignitatis
1331 853 1728 919 considerati0‚
1764 872 1882 907 non
1906 860 2055 910 circa
2092 874 2361 925 personas
2392 870 2522 912 tan-
2546 856 2549 861 ’
2571 919 2583 927 ‚

516 936 677 986 tum,
753 929 957 987 verum
994 922 1042 975 ὅ(
1078 928 1225 976 circa
1272 923 1587 990 quamlibet
1622 930 1945 995 notionem,
2019 944 2142 994 quae
2178 933 2519 989 immensum

439 1038 444 1042 .
560 996 795 1044 uantum
866 990 1053 1045 effecit
1118 993 1188 1045 ad
1253 993 1613 1062 purgandum
1677 1011 1994 1048 sermonem
2057 994 2108 1049 ὅ(
2163 1000 2518 1065 poliendum.

517 1012 648 1118 Jam
684 1071 999 1131 coeperunt
1037 1064 1321 1115 nonnullae
1351 1080 1538 1127 'voces
1590 1065 1716 1116 aliis
1773 1068 2086 1117 existimari
2133 1066 2518 1134 sublimiores,

515 1135 951 1186 excellentiores
1002 1143 1171 1199 atque
1222 1137 1399 1200 magis
1437 1138 1678 1201 propriae
1715 1132 1765 1187 &
1802 1135 2063 1189 decentes
2073 1156 2099 1199 ,-
2151 1135 2202 1188 &
2239 1140 2350 1190 111*ae
2388 1136 2522 1207 ‘quir

514 1205 646 1257 dem
684 1206 931 1254 maxime
968 1203 1103 1269 eligi
1144 1201 1193 1255 8<
1226 1201 1487 1255 adhiberi
1526 1207 1591 1256 in
1625 1216 1911 1257 conventu
1927 1214 1951 1270 ‚‘
1996 1204 2046 1258 ὃ(
2080 1223 2266 1263 coram
2301 1212 2523 1276 princi-

511 1272 516 1275 ’
555 1275 684 1328 ibus
732 1282 902 1338 atque
952 1269 1311 1338 magnatibus
1350 1270 1402 1323 &
1449 1273 1762 1339 majoribus
1799 1287 1958 1344 natu,
2006 1275 2092 1327 hae
2136 1282 2275 1329 vero
2328 1281 2522 1335 vitari.
2556 1304 2567 1319 s

511 1291 777 1412 {ignitas
818 1345 975 1399 vocis
1013 1354 1205 1397 autem
1241 1360 1402 1404 son0‚
1453 1343 1709 1411 rhythmo
1758 1343 2027 1398 &sensa
2051 1358 2371 1400 mensurata
2409 1357 2514 1400 est.

513 1410 761 1483 Quando
794 1415 949 1481 enim
984 1427 1172 1463 sermo
1208 1413 1562 1483 aliquantum
1599 1415 1776 1478 poliri
1811 1420 2026 1482 coepit„
2053 1415 2520 1484 monosyllabicae

508 1497 681 1536 voces
720 1479 769 1533 ὃ(
813 1485 989 1535 nimia
1013 1480 1462 1537 ,consonantium
1510 1482 1808 1540 collisione
1870 1483 2023 1535 durae
2072 1498 2173 1538 aut
2201 1491 2377 1539 nimia
2413 1502 2522 1538 vo-

511 1555 724 1604 calium
769 1547 1052 1602 fluiditate
1114 1552 1314 1603 molles
1383 1566 1460 1602 ex
1525 1552 1864 1618 elegantiori
1920 1569 2181 1607 sermone
2231 1559 2523 1609 eliminari
2564 1572 2568 1585 ²

381 1658 404 1679 0
473 1656 476 1669 .
507 1632 843 1691 coeperant,
880 1632 1049 1688 atque
1089 1623 1351 1673 similiter
1396 1624 1538 1678 sono
1575 1620 1826 1689 abruptae
1863 1633 1922 1673 et
1961 1622 2234 1689 rhythmo
2272 1622 2523 1681 nimium

509 1692 852 1760 inaequalem
914 1702 1089 1758 prout
1125 1687 1361 1751 affectus
1407 1690 1658 1758 mitigari
1705 1692 1802 1742 vel
1836 1693 2085 1744 emolliri
2119 1694 2215 1746 vel
2249 1694 2522 1753 dissimu-

500 1763 619 1816 lari
670 1771 1017 1828 coeperunt,
1054 1765 1117 1812 in
1164 1777 1423 1813 sermone
1465 1765 1635 1813 etiam
1676 1777 2027 1828 quaecunque
2079 1779 2280 1817 eorum
2314 1762 2522 1816 umbra

421 1834 424 1835 ⁷
504 1837 716 1885 evitata
765 1839 864 1880 est.
974 1827 1157 1891 Sensu
1209 1843 1401 1881 autem
1453 1831 1628 1899 digna
1674 1834 1946 1895 aestimata
1979 1845 2114 1885 sunt
2161 1849 2518 1901 quaecunque

501 1900 951 1963 intellectualem
985 1898 1234 1949 hominis
1269 1901 1445 1961 vitam
1482 1907 1838 1964 spectarunt3
1869 1899 2108 1965 indigna
2142 1914 2351 1966 autem,
2390 1914 2519 1971 quae

503 1968 826 2023 sensualem
860 1978 959 2018 aut
993 1967 1291 2019 animalem
1326 1971 1521 2031 vitam,
1555 1964 1606 2017 ὅ(
1641 1965 1760 2018 haec
1799 1983 1933 2019 sane
1970 1978 2128 2021 tanto
2164 1971 2517 2039 indigniora,

461 2098 462 2101 Ἴ
504 2048 718 2107 quanto
756 2041 933 2104 magis
970 2029 1239 2104 specialia
1288 2034 1546 2109 ejusdem
1583 2038 2010 2104 expresserunt„
2100 2038 2176 2091 Et
2227 2044 2278 2092 si
2321 2057 2517 2094 coram

502 2106 770 2178 pluribus
825 2103 1259 2183 sermo=fiebat5
1316 2116 1444 2158 tum
1481 2111 1652 2159 etiam
1705 2107 1804 2159 illa
1839 2104 2075 2175 indigna
2129 2122 2262 2167 sunt
2298 2109 2516 2174 habita,

502 2173 629 2247 quae
663 2183 1030 2246 praesentium
1068 2178 1320 2244 aliquem
1357 2185 1545 2230 essent
1581 2178 1796 2239 laesura,
1833 2182 2113 2246 imprimis
2155 2183 2206 2232 si
2241 2181 2342 2234 ille
2388 2180 2516 2246 dig·-

500 2253 681 2301 nitate
719 2253 1189 2303 autrauctoritate
1213 2247 1402 2298 'multa
1439 2257 1586 2298 esset
1618 2245 1906 2318 praeditus.
1975 2247 2359 2302 Personarum
2382 2253 2515 2319 qui-'-
2596 2244 2605 2265 ‘

493 2318 650 2371 'dem‘
669 2314 738 2369 ab
761 2320 944 2384 initio
983 2314 1225 2383 dignitas
1259 2317 1577 2371 maximum
1612 2315 1828 2380 valuit,
1865 2305 2034 2380 ad'eO,
2075 2330 2141 2370 ut
2176 2324 2512 2390 respiceres,

507 2403 683 2455 quem
721 2388 1086 2453 alloquerere
1117 2384 1166 2436 &
1200 2402 1313 2452 qua
1349 2385 1420 2436 de
1457 2400 1538 2447 re,
1576 2385 1677 2435 sed
1709 2395 1776 2434 ut
1802 2386 2211 2441 sublimiorum
2247 2390 2513 2458 idearum

502 2456 719 2525 sphaera
770 2446 1038 2522 cogn'osci
1087 2453 1266 2521 magis
1318 2461 1489 2519 atque
1539 2453 1715 2505 illius‘
1748 2451 1972 2519 objecta
2021 2454 2210 2508 verbis
2257 2462 2512 2526 exprimi

497 2531 843 2593 coeperunt,
875 2523 1192 2590 'sublimior
1239 2523 1494 2591 quaedam
1548 2522 1839 2590 dignitatis
1888 2537 2153 2590 mensura
2189 2530 2252 2578 in
2287 2543 2511 2579 sermo-

416 2631 430 2640 ·
499 2611 634 2648 nem
681 2595 766 2646 est
799 2592 1050 2657 inducta,
1101 2591 1151 2645 ὅ(
1186 2605 1422 2661 propter
1457 2592 1604 2644 hanc
1631 2603 1921 2664 respectus
1964 2593 2266 2662 'dignitatis
2302 2614 2509 2666 perso-

501 2682 708 2717 narum
748 2662 1089 2731 quandoque
1128 2666 1360 2729 omnino
1393 2661 1671 2715 sublatus.
1757 2661 1888 2716 Haec
1926 2669 2108 2732 enim,
2159 2683 2282 2734 quae
2317 2667 2381 2719 in
2413 2671 2508 2719 in-
2530 2708 2543 2712 -

496 2733 897 2802 telligibilium
931 2732 1147 2790 mundo
1182 2748 1513 2801 apparuere,
1547 2733 1688 2802 adeo
1704 2732 1867 2786 fuere
1901 2734 2184 2798 sublimia,
2211 2748 2293 2791 ⁴ut
2331 2754 2506 2805 supra

435 2829 440 2832 ·
494 2805 773 2858 humanas
827 2819 1021 2855 omnes
1083 2806 1336 2855 rationes
1400 2814 1594 2855 evecta
1647 2797 2000 2856 riderentur.
2120 2804 2216 2858 Sic
2270 2822 2362 2871 ex.
2414 2821 2508 2873 gr.

496 2873 727 2942 quando
765 2877 1035 2939 veritatis,
1068 2873 1318 2940 justitiae',
1353 2876 1602 2940 virtutis,
1639 2877 1926 2942 sapientiae
1960 2890 2130 2927 verus
2167 2890 2364 2938 sensus
2402 2893 2506 2927 na-

496 2951 593 3010 tus
627 2955 744 3006 est,
783 2941 1106 3010 horumque
1155 2942 1325 3010 plena
1367 2945 1652 3008 cognitio:
1709 2941 2020 2996 absurdum
2062 2948 2251 2997 visum
2301 2957 2386 2998 est
2432 2944 2504 2997 de

466 3012 590 3065 „his
646 3011 947 3064 disserenti
995 3011 1699 3080 personarum“respicere
1751 3012 2117 3078 dignitatem3
2185 3025 2313 3067 tu'm
2349 3019 2504 3069 enim

421 3077 426 3102 Σ
494 3082 736 3149 qelsiore
775 3081 1022 3148 quadam
1055 3079 1104 3134 &
1142 3085 1475 3149 augustiore
1511 3080 1802 3148 dignitatis
1839 3082 1967 3149 lege
2005 3082 2352 3148 ducebatur3
2418 3090 2504 3137 si·-

495 3167 610 3221 que
648 3150 952 3218 aliquando
989 3156 1268 3217 occurrit,
1325 3161 1413 3203 ‘ut
1459 3166 1712 3220 personae
1755 3151 2000 3217 dignitas
2051 3170 2170 3206 non
2217 3165 2410 3221 posset
2436 3159 2504 3207 in

492 3237 756 3274 sermone
808 3238 939 3274 cum
974 3226 1059 3275 rei
1093 3233 1193 3274 aut
1227 3221 1402 3284 ideae,
1469 3237 1592 3287 quae
1633 3221 1972 3289 explicanda
2009 3221 2155 3288 fuit,
2224 3223 2499 3291 dignitate

493 3293 821 3354 conciliari,
894 3293 1143 3359 person'ae
1180 3289 1426 3358 dignitas
1463 3294 1696 3341 omnino
1737 3291 2060 3361 posthabita
2097 3304 2210 3363 est,
2281 3298 2498 3361 quique

489 3360 608 3413 hoc
642 3377 762 3413 non
792 3359 961 3428 fecit,
1037 3361 1323 3442 serviliter
1378 3357 1430 3412 &
1479 3354 1714 3431 indigne
1761 3361 1939 3417 verba
1976 3362 2162 3418 facere
2201 3367 2497 3441 visusxest.
2538 3413 2539 3416 ,

1360 3493 1421 3597 ς.
1529 3519 1637 3585 25.

581 3641 588 3649 “
632 3626 935 3684 Ceeterum
986 3642 1361 3700 personarum
1407 3631 1674 3701 respectu
1728 3646 1848 3685 non
1882 3631 1995 3685 hoc
2043 3640 2267 3696 tantum
2301 3633 2496 3685 oonsi-

491 3698 749 3754 deratum
790 3712 905 3766 est,
956 3718 1129 3770 quem
1166 3702 1538 3771 alloquereris
1573 3703 1623 3756 &
1657 3719 1769 3769 qua
1815 3703 1884 3754 de
1920 3717 2015 3765 re,
2075 3693 2285 3756 verum
2318 3701 2368 3755 8(
2401 3701 2499 3773 qui

490 3772 699 3830 diceret
745 3783 1094 3840 spectatum,
1163 3773 1277 3824 alia
1332 3776 1484 3831 enim
1525 3790 1558 3824 a
1605 3777 1864 3847 principe
1910 3781 2240 3840 ‘exspectata
2291 3778 2494 3838 oratic,

490 3857 664 3908 quam
695 3857 861 3894 servo
896 3852 995 3895 aut
1029 3857 1213 3911 puero
1263 3855 1364 3896 aut
1392 3849 1765 3911 'quo'cunqne
1801 3838 2053 3894 subdito·
2156 3840 2317 3895 Hanc
2370 3858 2494 3896 rem

492 3912 784 3963 ulterioris
841 3910 993 3986 Asiae
1027 3921 1227 3979 gentes
1279 3916 1455 3981 atque
1499 3912 1844 3981 Japanenses
1893 3909 2034 3963 adeo
2074 3912 2343 3980 religiose
2381 3927 2492 3965 ex·-

490 3985 782 4047 primunt‚
850 3993 915 4034 ut
954 3987 1219 4052 princeps
1256 3978 1368 4035 alio
1404 3994 1599 4036 utatur
1639 3986 1831 4049 primae
1863 3997 2116 4049 personae
2152 3981 2490 4051 'pronomine

488 4045 561 4102 ad
601 4068 759 4113 suam
796 4051 1272 4119 subjectivitatem
1301 4052 1781 4123 exprimendam,
1851 4055 1903 4104 si
1939 4068 2073 4105 cum
2106 4057 2366 4128 principe
2400 4051 2492 4103 lo-

486 4123 723 4192 quitur,
760 4123 894 4188 alin,
931 4127 982 4178 si
1017 4140 1148 4178 cum
1182 4124 1467 4179 honorato
1503 4124 1698 4192 aliquo
1732 4126 1893 4189 cive,
1963 4123 2079 4176 alio
2122 4127 2176 4176 si
2211 4133 2342 4180 cum
2383 4122 2491 4174 ad-
2552 4161 2555 4168 .

1446 4234 1479 4244 .-K

1748 4278 1754 4288 ’
1782 4279 1811 4300 Χ
