2707 4650
1266 396 1318 464 3·
1349 460 1357 467 .

223 568 226 571 ¹
282 561 476 613 tatem,
514 563 622 600 nec
657 544 952 617 obscuram
986 561 1109 600 rem
1142 545 1461 613 illustrare,
1508 559 1616 601 nec
1651 543 1809 600 aliud
1843 543 2155 615 quidquam
2190 546 2278 604 ef-

284 620 479 682 ficere,
517 634 686 685 quam
722 618 964 669 ulterius
1001 619 1167 684 quasi
1200 631 1515 670 removere,
1541 615 1604 668 id
1642 615 1799 684 quod
1827 615 2141 675 humanum
2174 615 2279 672 fus

287 696 370 759 git
416 690 786 745 intellectum.
906 686 1161 754 Namque
1220 703 1325 755 per
1377 689 1789 755 experientiam
1841 686 2098 739 humanae
2145 693 2276 742 vitae

286 759 458 823 modo
494 764 758 825 exiguam
794 768 1010 826 partem
1045 759 1343 825 novimus,
1381 758 1620 825 ejusque
1656 755 1969 809 formarum
2003 756 2171 809 modo
2208 756 2294 812 il-‘

285 829 433 892 lam,
484 844 588 896 per
624 843 791 895 quam
840 825 890 878 δι
938 831 1002 878 in
1045 844 1157 894 qua
1192 839 1386 879 nostra
1422 830 1538 879 vita
1572 838 1833 879 movetur
1872 825 1920 879 &
1960 831 2207 894 agitatur
2243 848 2277 884 a

284 902 595 957 nativitatis
642 909 897 965 tempore
937 913 1119 964 usque
1155 895 1228 948 ad
1270 907 1538 958 mortem3
1601 893 1652 948 ὃ(
1693 899 1752 948 'si
1787 898 2081 949 collectam
2118 914 2276 951 assu-

285 973 495 1020 mimus
562 971 972 1035 experientiam
1020 970 1196 1019 totius
1250 966 1485 1020 humani
1537 970 1792 1031 generis,
1870 977 1995 1019 tum
2041 967 2276 1034 quidem

283 1037 558 1090 historice
596 1039 906 1102 novimuS,
942 1024 1281 1088 vitae'forma
1319 1037 1498 1103 qvalis
1547 1035 1723 1088 fuerit
1757 1052 1861 1103 per
1896 1034 2010 1089 duo
2049 1041 2278 1092 circiter

286 1124 561 1160 annorum
599 1106 812 1168 millia,
861 1121 984 1172 quae
1020 1110 1174 1157 enim
1212 1122 1242 1157 e
1281 1110 1585 1157 remotiore
1636 1109 1970 1172 antiquitate
2007 1106 2276 1162 hauritur

283 1182 537 1243 cognitio
575 1176 867 1228 historica·
891 1178 995 1226 vix
1029 1178 1126 1227 est'
1148 1175 1541 1245 nuncupanda,
1595 1175 1696 1227 sed
1743 1175 1859 1228 haec
1909 1187 1994 1228 est
2038 1175 2276 1232 humani

282 1251 511 1315 generis
549 1248 904 1312 experientia
946 1260 1050 1312 per
1084 1250 1286 1312 poesin
1333 1256 1549 1298 servata
1583 1257 1753 1314 atque
1788 1243 2009 1312 tradita,
2054 1244 2124 1297 ad
2157 1263 2277 1299 me-

285 1316 673 1384 taphysicam,
711 1331 879 1382 quam
913 1313 1243 1380 historiam,
1276 1318 1516 1384 prop‘ius
1553 1315 1843 1367 accedens.
1925 1313 2039 1367 Sed
2089 1327 2277 1369 tamen

283 1403 392 1455 per
428 1385 782 1452 hanc-quam
817 1385 932 1449 jam
964 1389 1385 1438 nominavimus
1420 1385 1741 1453 periodum,
1766 1383 1976 1438 damus
2001 1390 2130 1437 vitae
2155 1384 2277 1438 for-

283 1471 433 1509 mam
472 1471 592 1506 esse
627 1454 899 1507 historice
943 1457 989 1506 i.
1023 1470 1072 1506 e.
1106 1471 1208 1523 per
1245 1460 1655 1524 experientiam
1691 1459 1993 1522 cognitam,
2031 1455 2170 1507 adeo
2209 1466 2280 1507 ut

205 1542 214 1555 ·
281 1520 557 1590 sciamus,
593 1526 777 1591 qualis
811 1540 916 1592 per
950 1524 1097 1576 hanc
1132 1528 1311 1592 ipsam
1348 1524 1650 1593 periodum
1701 1528 1850 1576 inter
1884 1525 2072 1577 Deum
2106 1536 2278 1593 atque

282 1593 546 1646 homines
581 1597 961 1646 intercesserit
986 1592 1208 1661 relatip;
1246 1610 1501 1661 quasque
1532 1610 1622 1645 res
1657 1593 1832 1647 homo
1868 1610 1972 1662 per
2006 1594 2154 1646 hanc
2189 1606 2282 1647 to·-

282 1675 398 1716 tam
435 1675 651 1715 aetatem
695 1680 800 1716 sua
838 1673 1040 1730 sponte
1077 1668 1345 1729 gesserit,
1415 1678 1553 1729 quas
1596 1663 1793 1723 divino
1816 1686 1825 1703 1
1847 1665 2069 1729 auxilio
2106 1674 2278 1731 atque
2296 1666 2303 1677 ”

278 1745 443 1786 motu
462 1737 750 1795 incitatus,
791 1734 982 1798 (quam
1010 1740 1199 1783 tamen
1236 1742 1353 1786 rem
1375 1742 1631 1784 accurate
1659 1731 2050 1798 determinare,
2086 1734 2278 1798 crede,

283 1801 687 1866 ⁴difficillimum
736 1799 911 1862 soret)
963 1811 1086 1853 tum
1132 1811 1317 1852 tamen
1367 1802 1428 1854 id
1478 1816 1645 1854 omne
1683 1801 1939 1869 humanae
1982 1807 2110 1854 vitae
2145 1819 2280 1871 spa-

282 1877 464 1945 tium,
515 1870 674 1940 quod
706 1868 1067 1936 ultra‘hujus
1118 1870 1344 1938 periodi
1380 1870 1523 1923 fines
1559 1872 1842 1935 tenditur,
1901 1873 2056 1940 quod
2101 1883 2282 1925 totam

284 1943 686 2011 complectitur
730 1941 968 1992 humani
1004 1944 1230 2007 generis
1280 1938 1576 1996 infantiam
1626 1946 1744 2006 sic,
1791 1945 1833 1995 i.
1865 1957 1918 1998 e.
1954 1956 2061 2012 per
2098 1958 2283 2012 expe-

703 2000 712 2020 l

282 2016 585 2076 rientiam',
631 2027 748 2061 non
785 2021 870 2063 est
906 2014 1218 2077 cognitum.

283 2156 292 2161 ,
426 2097 553 2163 Jam
588 2112 729 2149 vero
777 2095 889 2147 hoc
926 2105 1180 2157 tantum,
1212 2088 1370 2162 qiiod
1402 2097 1485 2147 sic
1520 2100 1802 2160 novimus,
1838 2099 2135 2149 secundum
2171 2117 2282 2150 na-

281 2177 473 2223 turam
512 2165 562 2217 ὅ(
583 2175 820 2219 ,ηατιινω
843 2165 993 2232 leges
1015 2163 1157 2230 fieri
1181 2165 1519 2232 plerumque
1556 2165 1910 2228 arbitramur,
1940 2183 2282 2235 quamquam

211 2293 216 2297 ,
283 2253 389 2306 per
428 2251 488 2286 se
527 2244 712 2302 patet,
750 2233 1017 2300 quasdam
1055 2236 1222 2285 etiam
1262 2247 1383 2286 esse
1415 2245 1626 2287 naturae
1657 2236 1832 2302 leges,
1868 2251 2010 2302 quas
2045 2236 2282 2292 humani

283 2307 511 2375 generis
563 2304 819 2357 evolutio
862 2301 910 2356 8(
944 2301 1210 2356 formatio
1263 2308 1336 2357 sit
1377 2317 1569 2359 secuta
1605 2309 1668 2357 in
1719 2304 1973 2371 ejusdem
2021 2306 2283 2372 (humani

326 2377 535 2438 eneris)
567 2371 842 2440 bisantia,
903 2390 1025 2441 quae
1057 2373 1225 2426 nobis
1275 2390 1397 2425 non
1431 2379 1672 2444 possunt
1718 2380 1799 2427 sic
1846 2392 1967 2428 esse
2024 2383 2277 2444 cognitae.

336 2457 357 2497 t
406 2458 594 2497 tamen
645 2456 904 2513 apertum
964 2456 1049 2496 est
1099 2441 1474 2512 spontaneam*
1512 2443 1815 2498 efficaciam
1863 2445 2113 2500 hominis
2163 2465 2285 2500 non
2340 2465 2341 2470 ¹

286 2516 465 2583 fuisse
519 2529 588 2566 eo
615 2525 880 2583 ,tempore
932 2530 1089 2584 aeque
1125 2514 1482 2581 manifestam
1513 2527 1686 2583 atque
1726 2531 1880 2569 nunc
1916 2527 2019 2585 est,
2050 2520 2092 2569 i.
2132 2532 2181 2584 e.
2217 2513 2283 2574 τδ
2332 2577 2339 2585 ,

223 2605 224 2612 ¹
288 2588 445 2648 θεῖον
477 2595 602 2636 tum
638 2582 751 2636 fuit
783 2589 964 2651 magis
1001 2582 1386 2637 manifestum.

425 2669 761 2723 Monboddo
792 2670 1064 2737 equidem
1112 2666 1162 2718 ὅ(
1209 2667 1501 2721 Herderus
1538 2670 1597 2721 id
1635 2676 1902 2736 egerunt‘,
1938 2682 2006 2723 ut
2042 2688 2148 2740 per
2194 2684 2285 2725 to-

287 2753 405 2794 tam
442 2743 698 2793 materiei
735 2738 1191 2805 disquisitionem
1240 2737 1434 2790 divina
1470 2737 1554 2790 'ab
1595 2740 1856 2792 humanis
1891 2754 2158 2809 peracute
2194 2759 2283 2795 se-

288 2810 606 2863 cernerent.
673 2807 790 2860 Nos
828 2825 958 2861 cum
994 2811 1184 2861 statim
1219 2811 1680 2874 comperiremus,
1716 2822 1821 2862 nos
1859 2810 2006 2862 hanc
2043 2812 2283 2864 distinc-

223 2940 234 2948 ,
285 2885 514 2950 tionem¹
555 2893 720 2946 saepe
771 2882 997 2945 assequi
1042 2893 1161 2930 non
1216 2893 1382 2945 posse
1418 2883 1599 2931 nostri
1634 2882 1856 2947 ingenii
1890 2882 2126 2951 lumine,
2159 2897 2283 2937 om-

289 2956 430 3001 nino
469 2949 746 3002 diversam
783 2952 934 2999 viam
980 2964 1178 3000 sumus
1216 2951 1478 3024 ingressi.
2141 2960 2145 2967 ·

440 3035 627 3100 Igitur
672 3034 777 3085 hac
828 3034 1168 3100 plerumque
1204 3033 1375 3084 missa
1411 3037 1750 3100 quaestione:
1816 3034 2038 3098 divinus
2070 3054 2141 3090 an
2173 3038 2283 3090 hu·-

295 3122 495 3157 manus
529 3120 715 3155 sermo
752 3114 914 3165 esset,
950 3103 1104 3154 hunc
1150 3102 1315 3155 nobis
1349 3107 1754 3170 proposuimus
1790 3108 2284 3175 contemplandum

293 3179 385 3227 uti
425 3171 693 3237 objectum
748 3174 1018 3245 quoddam
1065 3172 1356 3241 physicum
1408 3173 1600 3239 (einen
1648 3172 1997 3241 physischen
2036 3172 2282 3244 ‘Gegen-

292 3243 511 3307 stand),
562 3247 869 3295 statuentes
906 3246 969 3294 in
1001 3242 1147 3304 hoc,
1198 3246 1287 3293 uti
1321 3257 1667 3309 quocunque
1706 3245 1821 3296 alio
1857 3243 2135 3318 ejusmodi
2173 3246 2283 3308 ob-

294 3316 478 3383 icem,
530 3312 686 3379 quod
721 3311 826 3364 sub
874 3311 1480 3379 temporis.schemate
1528 3310 1949 3377 manifestatur,
2011 3316 2284 3382 quasdam

296 3383 654 3446 formationis
691 3381 933 3449 epochas
972 3378 1620 3448 (Bildungs-Epochen),
1657 3397 1779 3448 quae
1813 3375 2114 3449 separatim
2149 3383 2284 3454 pos-'-

297 3464 423 3505 sent
458 3451 835 3511 considerari3
886 3460 943 3501 et
976 3454 1040 3503 in
1073 3450 1179 3504 hac
1214 3454 1652 3517 investigatione
1684 3451 1995 3504 identidem
2027 3459 2284 3522 respexi-

293 3539 419 3575 mus
445 3521 517 3573 ad
535 3519 874 3588 quotidianae
902 3524 1266 3588 experientias
1295 3520 1628 3585 analogiam,
1662 3534 1792 3573 cum
1814 3524 2282 3589 intelligeremus,

299 3591 520 3644 easdem
555 3588 910 3656 formationis
950 3590 1105 3656 leges
1138 3595 1200 3643 in
1236 3589 1549 3641 individuis
1588 3590 1884 3642 hominum
1920 3590 2055 3658 (bey
2100 3594 2286 3658 jedem

296 3659 739 3714 menschlichem
775 3658 1100 3719 Individuo)
1147 3659 1363 3727 repeti,
1413 3658 1726 3714 secundum
1761 3676 1902 3727 quas
1938 3677 2123 3715 sermo
2158 3661 2286 3716 for-

297 3739 482 3785 matus
522 3734 597 3782 sit
638 3728 789 3798 apud
829 3738 1014 3781 totum
1050 3729 1361 3781 humanum
1405 3743 1603 3795 genus.

437 3811 537 3866 Sic
576 3815 887 3867 secundum
911 3825 1172 3866 -nostram
1205 3818 1481 3866 rationem
1515 3813 1926 3879 considerandi,
1960 3821 2140 3884 prima
2161 3834 2286 3872 ser-

299 3887 486 3942 monis
522 3885 735 3950 epocha
780 3885 879 3936 illa
915 3895 1029 3949 est,
1084 3888 1145 3935 in
1195 3900 1309 3951 qua
1343 3883 1822 3952 nulla‘comparet
1861 3886 2153 3942 literarum
2194 3888 2288 3941 di·-

302 3957 566 4018 stincti0,
600 3953 698 4004 sed
747 3958 931 4005 omnis
966 3959 1258 4022 perceptio
1299 3964 1469 4019 atque
1507 3969 1672 4006 omne
1709 3953 1969 4021 pathema
2007 3961 2290 4011 inarticu-

305 4028 429 4078 latae
480 4023 639 4074 vocis
688 4028 843 4074 varia
893 4024 1285 4075 modulatione
1338 4024 1624 4087 (accentu)
1685 4021 2069 4089 significatur;
2140 4027 2286 4081 hanc

225 4111 232 4118 ·
308 4099 461 4147 enim
510 4091 954 4146 modulationem
1007 4094 1101 4145 vel
1157 4091 1331 4145 hodie
1381 4091 1874 4145 animadvertimus
1921 4099 2083 4161 prius
2118 4100 2292 4151 intel-

307 4165 414 4231 ligi
448 4180 481 4215 a
500 4159 776 4216 matribus
811 4159 862 4213 ὃ(
882 4161 1222 4227 nutricibus,
1258 4177 1428 4229 quam
1462 4161 1708 4229 aliquam
1739 4163 2034 4218 literarum
2061 4164 2295 4218 distinc-

312 4238 548 4289 tionem.
649 4229 808 4286 Hanc
856 4235 1050 4301 itaque
1095 4246 1363 4289 vocamus
1404 4239 1666 4287 accentus
1699 4231 1995 4304 apocham*¹
2063 4235 2133 4290 In
2178 4235 2292 4288 hoc

1769 4339 1912 4408 (st)
2261 4341 2272 4351 ⁶

2002 4413 2027 4436 *n
