2707 4650
300 435 471 493 mus;
522 423 861 492 priusquam
904 420 1028 476 fere
1066 421 1173 476 sub
1211 423 1390 479 finem
1443 424 1621 495 hujus
1659 430 1892 496 poeticae
1931 429 2185 499 periodi,
2218 431 2293 485 de

302 514 418 565 qua
465 494 648 547 locuti
706 511 930 557 sumus,
999 491 1049 551 ὅ(
1093 505 1217 548 tum
1263 513 1398 548 sane
1452 510 1765 566 coeperunt
1811 499 1918 552 coli
1967 501 2088 553 illoe
2137 512 2296 556 artes

271 566 673 628 (rhetoricam
720 566 995 630 imprimis
1050 576 1232 620 artem
1281 567 1436 632 dico)
1505 567 1656 635 apud
1703 569 2016 636 Ro‘manos,
2067 587 2190 639 quae
2226 577 2293 626 in

289 635 604 706 formanda
653 635 846 700 lingva
881 650 1049 700 quam
1090 636 1326 688 ditanda
1373 637 1556 688 multo
1593 650 1727 690 suut
1758 639 2128 705 efficaciores,
2169 647 2288 695 imo

302 721 426 770 quae
461 716 667 757 vocum
709 708 931 770 copiam
967 703 1149 756 multo
1196 710 1376 773 magis
1434 706 1808 773 restringunt,
1851 727 2020 777 quam
2053 724 2285 778 augent.

245 780 247 783 ’
301 773 418 827 Sed
469 785 686 836 tamen,
739 778 789 826 si
837 773 1104 824 Plautum
1154 779 1524 844 respicimus,
1570 779 2075 845 animadvertimus
2125 782 2299 841 illum,¹

243 848 248 853 ‘
299 845 484 896 multo
530 844 744 909 majore
797 842 1176 895 abundantem
1212 851 1376 914 copia
1410 861 1650 911 vocum,
1685 848 1852 915 quam
1888 850 2076 903 ullum
2109 850 2318 904 serio·'

296 930 418 966 rem
457 925 778 974 auctorem;
813 911 864 963 ὅ(
892 913 1058 977 illuni
1078 914 1285 966 multas
1317 930 1486 973 moces
1523 933 1698 969 novas
1726 916 2132 983 introduxisse,
2166 922 2291 989 ipse

297 982 349 1035 8<
383 981 649 1035 Horatius
685 994 886 1034 auctor
922 993 1041 1044 est,
1076 982 1127 1034 ὃ(
1160 983 1273 1036 hoc
1310 995 1579 1053 praeterea
1614 992 1748 1040 satis
1782 997 1953 1055 patet,
1990 1004 2122 1042 cum
2160 984 2310 1055 par-²

215 1084 220 1093 ι
299 1058 406 1106 tim
446 1054 634 1106 multae
683 1052 836 1119 apud
886 1052 1055 1104 illum
1103 1051 1173 1105 de
1218 1053 1415 1107 Graeco
1461 1068 1688 1123 sumtus,
1740 1061 1947 1125 partim
1977 1058 2112 1111 lusu
2147 1058 2292 1115 fictas

296 1138 468 1176 voces
513 1132 834 1176 occurrant.

472 1210 588 1266 Sed
636 1210 790 1280 apud
838 1214 1301 1282 septentrionales
1361 1227 1558 1288 gentes
1603 1230 1813 1270 vocum
1857 1221 2136 1288 imprimis
2184 1225 2293 1277 im-

290 1297 487 1349 mensa
535 1292 776 1351 apparet⁴
801 1285 1110 1345 multitudo
1146 1303 1252 1355 per
1282 1292 1488 1355 poesin
1519 1287 1778 1340 formata.
1863 1289 1959 1342 Illi
1997 1294 2147 1343 enim
2181 1295 2294 1347 soli

229 1386 232 1395 ·
290 1356 646 1404 invenerunt
682 1352 963 1418 quandam
1014 1360 1222 1411 novam
1272 1367 1456 1441 artem1
1499 1357 1570 1411 ad
1606 1374 1776 1411 voces
1821 1356 2142 1414 formandas
2182 1380 2290 1431 pro

289 1438 403 1473 usu
439 1425 662 1492 poetico
710 1447 783 1462 ·—
816 1435 1025 1492 artem,
1090 1427 1404 1489 secundum
1442 1445 1612 1496 quam
1647 1428 1848 1480 liceret
1890 1433 1952 1480 in
2000 1429 2291 1486 infinitum

291 1488 503 1557 augere
543 1492 1005 1546 denominationes
1052 1494 1103 1548 &
1134 1495 1389 1563 epitheta
1429 1503 1659 1565 poetica
1694 1495 2095 1565 (Kenningar);
2157 1504 2291 1555 tali·
2364 1508 2365 1511 ’
2438 1538 2455 1546 -

288 1560 463 1631 :modo
485 1557 729 1626 diceret,
769 1566 858 1614 sin
899 1564 1130 1616 ulorum
1164 1563 1524 1632 objectorum
1560 1577 1658 1617 ut:
1707 1564 2091 1631 faeminarum,
2126 1576 2291 1624 'viro-

289 1647 450 1694 rum,
483 1631 841 1698 gladiorum,
917 1633 1285 1700 elli,'maris‚
1334 1638 1656 1700 sangviniS,
1702 1649 2014 1700 equorum,
2054 1644 2290 1705 navium
2378 1706 2381 1707 ⁷

284 1699 591 1768 plusquam
624 1699 941 1765 myriadem
980 1701 1251 1771 colligere
1290 1707 1656 1771 poeticorum
1693 1707 1994 1758 nominum
2045 1722 2121 1759 ex
2152 1708 2293 1764 illc-⁴

291 1786 426 1822 rum
464 1767 830 1822 carminibus.
846 1768 910 1837 ἦ)
963 1831 965 1833 .
1215 1790 1216 1793 ¹
2164 1786 2169 1797 ³

468 1856 733 1929 Ceterum
767 1861 962 1930 lingva
1011 1862 1165 1917 haud
1200 1866 1389 1918 solum
1425 1866 1594 1919 ditata
1643 1864 1730 1918 e'st
1763 1879 1868 1934 per
1900 1869 2134 1934 poesin,
2188 1886 2288 1924 ve·-

288 1945 420 1981 rum
469 1927 520 1989 ὅ(
554 1926 844 1983 efformata
879 1945 1048 2001 atque
1083 1940 1432 1989 ,concinnata
1478 1937 1675 2003 multis
1711 1935 1918 1987 modiS.
2000 1934 2127 1992 Hoc
2174 1944 2288 1995 im·-

265 2003 489 2063 primis
526 2015 597 2051 eo
636 1999 849 2051 factum
886 2014 999 2062 est,
1035 2003 1211 2067 ¹quod
1241 2009 1429 2068 poesis
1465 2011 1575 2057 tria
1610 2007 1742 2069 illa,
1783 2022 1911 2071 quaa
1942 2010 2102 2072 prius
2137 2023 2292 2063 attu-

286 2067 514 2129 limus,·
538 2064 823 2119 momenta
873 2067 985 2118 sibi
1034 2073 1249 2126 servire
1285 2077 1505 2141 coegit,
1556 2072 1758 2124 verum
1806 2071 1858 2135 ὃς
1899 2073 2016 2127 haec
2056 2081 2180 2148 ipsa
2215 2081 2288 2135 ad

288 2137 568 2202 majorem
605 2130 1018 2201 perfectionem
1053 2136 1347 2204 perduxit.

399 2262 406 2277 ,
463 2218 559 2279 Sic
594 2227 659 2274 in
694 2220 1141 2292 poesiprimum
1174 2228 1481 2294 rhythmus
1515 2230 1746 2284 stabilis-
1768 2230 1952 2287 factus
1989 2246 2075 2289 est
2111 2235 2160 2292 ὅ(
2197 2258 2314 2294 re·-

287 2290 480 2361 gulari*
527 2293 812 2347 schemate
847 2293 1121 2360 decorus3
1186 2311 1450 2353 accentus
1487 2318 1604 2366 non
1630 2313 1905 2371 *utqantea
1949 2322 2148 2363 vocem
2197 2313 2284 2365 di-

285 2368 492 2418 stinxit
527 2382 559 2417 a
596 2381 736 2418 voce
774 2362 824 2417 ὅ(
861 2381 887 2417 s
932 2365 1135 2421 llabam
1176 2387 1207 2423 a
1259 2370 1478 2437 syllaba
1514 2383 1768 2438 tantum,
1819 2391 2020 2431 verum
2056 2376 2108 2431 ὃ(
2143 2379 2285 2435 effe-

286 2435 368 2485 cit
417 2440 828 2488 sententiarum
916 2440 1180 2490 iscrimen
1232 2438 1283 2491 ὅ(
1318 2441 1673 2495 carminibus
1704 2445 1956 2511 colorem
1990 2450 2153 2505 velut
2191 2456 2282 2505 in·-

285 2502 460 2571 didit,
488 2508 629 2557 «cum
661 2509 1062 2558 recitarentur.
1142 2508 1378 2561 Musicae
1413 2522 1533 2564 tota
1567 2520 1803 2581 energia
1836 2520 2088 2583 primurn
2125 2537 2283 2574 com-

282 2583 446 2640 perta
483 2585 603 2637 est,
627 2602 632 2606 ·
654 2574 882 2640 quando
920 2574 1154 2630 sublimi
1188 2579 1283 2630 vel
1318 2578 1475 2631 dulci
1512 2586 1705 2644 versui
1738 2577 2102 2651 jungebatur.
2182 2588 2281 2645 Sic
2328 2617 2334 2630 ¹

281 2645 349 2692 in
383 2642 578 2706 lingva
615 2646 855 2708 quaesitae
890 2655 1025 2694 sunt
1060 2663 1221 2698 novae
1255 2647 1654 2715 perfectiones,
1689 2656 1779 2703 uti
1815 2654 2124 2723 euphonia,
2161 2661 2284 2713 dic-

281 2712 369 2760 tio
409 2707 640 2776 grandis
678 2707 1116 2776 &.energetica,
1155 2714 1390 2768 humilis
1426 2715 1478 2768 &
1512 2713 1763 2782 ludicra,
1798 2728 1989 2788 gravis
2026 2725 2075 2778 8(
2111 2736 2277 2796 seria,

282 2793 424 2846 quas
461 2779 694 2846 quidem
732 2795 851 2830 non
887 2780 1016 2833 dico
1053 2795 1214 2836 antea
1252 2790 1486 2840 omnino
1521 2785 1700 2842 fuisse
1749 2794 2004 2858 ignotaS,
2055 2798 2156 2850 sed
2194 2812 2280 2853 ta-
2350 2805 2358 2822 ⁸

279 2863 416 2900 :men
449 2854 556 2901 vix
589 2850 712 2901 ullo
765 2854 998 2902 nomine
1036 2859 1327 2920 cognitas,
1381 2853 1430 2907 &
1463 2858 1741 2924 siquando
1775 2864 1839 2911 in
1879 2862 2136 2924 hominis
2160 2879 2280 2923 ser-

281 2933 452 2969 mone
493 2934 834 2986 apparuere,
869 2920 984 2971 hoc
1014 2920 1190 2976 fiebat
1225 2937 1425 2993 praeter
1453 2928 1615 2979 illius
1652 2933 2081 3000 conscientiam,
2133 2938 2277 2994 adeo

279 2997 351 3036 ut
383 2991 515 3058 istas
553 3004 802 3055 quaerere
837 3006 955 3043 non
992 3004 1203 3060 posset.
1288 2995 1415 3048 Jam
1449 3012 1650 3050 versus
1686 3014 1810 3051 sese
1845 3018 2077 3071 quoque
2112 3024 2279 3063 mon-

281 3066 538 3107 strarunt
574 3063 663 3110 uti
696 3075 913 3113 novum
947 3066 1299 3132 principium
1332 3063 1602 3132 formans,
1639 3074 1846 3136 partim
1877 3087 2033 3126 novo
2066 3073 2278 3144 'rhyth-
2356 3129 2359 3138 1

279 3141 413 3189 mo,
468 3126 637 3191 (alius
672 3133 825 3182 enim
860 3130 1166 3198 rhythmus
1202 3133 1301 3186 hic
1339 3147 1455 3200 est,
1508 3153 1625 3204 quo
1661 3154 1860 3193 versus
1898 3142 2281 3212 ‚distingviturv
2316 3163 2319 3168 ·

279 3213 313 3247 a
349 3211 539 3257 versu,
574 3197 742 3259 alius,
776 3215 892 3265 quo
928 3201 1147 3267 syllaba
1182 3221 1213 3257 a
1251 3202 1486 3272 syllaba,
1525 3217 1626 3258 aut
1655 3223 1756 3275 pes
1793 3227 1826 3261 a
1859 3212 2031 3279 pede)
2070 3217 2276 3283 ‘partim

279 3266 591 3318 coercendis
624 3266 848 3319 vocibus
882 3270 1039 3322 intra
1073 3291 1202 3325 suos
1225 3274 1412 3341 fines,
1446 3276 1599 3328 unde
1633 3280 1925 3345 permultae
1961 3294 2103 3338 natae
2138 3299 2275 3343 sunt

276 3352 441 3387 :novae
474 3343 682 3387 vocum
718 3333 942 3410 formae,
989 3342 1142 3408 illis,
1180 3360 1303 3411 quae
1336 3356 1498 3398 antea
1532 3349 1596 3397 in
1630 3364 1742 3399 usu
1776 3346 1970 3413 fuere,
2006 3359 2273 3425 aptiores,

207 3471 212 3476 Ι
278 3406 658 3474 elegantiores
709 3404 760 3457 ὅ(
807 3414 1082 3476 castigatae
1129 3418 1331 3480 magis.
1434 3412 1734 3469 Similiter.
1760 3419 2064 3486 plasticum
2109 3431 2274 3494 quic·-

278 3476 421 3543 quid
459 3474 575 3527 fuit
609 3480 673 3528 in
700 3475 1091 3545 lingva-antea
1121 3488 1183 3535 iu
1218 3483 1461 3550 singulis
1500 3496 1723 3538 tantum
1758 3487 1998 3543 vocibus
2025 3510 2269 3562 apparu-

281 3556 431 3608 erat3
488 3548 604 3613 jam
637 3560 775 3597 vero
807 3546 1132 3603 amoeniore
1165 3550 1216 3604 &
1260 3555 1561 3620 grandiore
1587 3553 1771 3608 forma
1799 3556 2067 3615 indutum
2097 3569 2269 3621 etiam

282 3628 401 3663 sese
437 3620 770 3667 monstravit
799 3620 862 3668 in
898 3619 1154 3674 versibus
1185 3620 1241 3674 8(
1267 3628 1581 3680 sententiis,
1647 3624 1932 3693 Denique,
1970 3646 2104 3686 cum
2133 3638 2271 3687 nul·
2301 3648 2327 3668 '¹

280 3679 405 3732 lum
441 3700 558 3736 non
597 3687 769 3737 vitale
801 3683 1154 3743 momentum
1189 3692 1396 3759 lingvae
1429 3696 1494 3744 in
1527 3698 1693 3762 poesi
1734 3710 2020 3764 appareat,
2048 3719 2153 3769 per
2188 3706 2270 3757 il·-

202 3777 212 3792 =
250 3748 394 3801 *lam
430 3758 671 3817 primum
708 3763 934 3824 cognita
966 3770 1049 3809 est
1082 3760 1200 3816 haec
1227 3762 1582 3814 incredibilis
1615 3770 1890 3818 sermonis
1924 3773 2011 3821 vis
2045 3772 2115 3829 ad
2144 3790 2268 3827 mo-
2303 3781 2311 3799 ²

276 3818 496 3872 vendes
537 3821 782 3887 animos,
821 3827 1251 3897 demulcendos,
1287 3832 1649 3897 excitandos,
1687 3834 2109 3908 exhilarandos,
2143 3859 2279 3912 quaa¹

1049 3911 1062 3932 i

289 4037 294 4048 Τ
330 4006 382 4066 *2
433 4010 531 4048 Hoc
558 4014 936 4060 septentrionalis
959 4030 1147 4069 poeseos
1184 4021 1373 4072 quidem
1400 4007 1583 4065 nullam
1608 3999 1796 4066 laudem
1825 4032 1910 4068 aut
1935 4029 2271 4079 perfectionem

433 4064 803 4113 existimamus,
842 4073 923 4110 sed
950 4075 1163 4127 lingvam
1191 4076 1278 4115 hoo
1305 4078 1701 4136 modoxoopinsam
1729 4092 1831 4120 esse
1862 4084 2092 4127 redditam
2121 4091 2279 4142 aper-⁸

395 4179 398 4180 ⁷
437 4122 541 4160 tum
567 4122 641 4160 est
668 4118 705 4158 ⁴&
732 4120 820 4163 hoc
843 4129 1327 4190 eatenusborealium
1355 4133 1543 4174 sermoni
1569 4144 1672 4175 esse
1701 4135 1836 4174 laudi
1863 4136 2141 4184 ducendum.
2216 4149 2243 4177 ἰ
2322 4147 2323 4150 ’

1723 4212 1882 4282 (2³⁶)
