2707 4650
416 452 661 530 -televtas
708 491 898 547 voces,
945 474 1222 544 imprimis
1269 473 1610 540 rhythmice·
1632 460 1987 528 recurrentes
2002 510 2019 538 ‚
2073 474 2416 531 damnarunt

423 546 698 611 Romani,
741 562 859 603 non
888 549 1047 613 ‘quia
1094 544 1190 597 hic
1220 549 1497 597 orationis
1531 543 1759 596 habitus
1795 560 1899 611 per
1932 561 1994 598 se
2029 562 2195 598 aures
2231 542 2415 598 offen-

426 614 611 681 ditff)
663 615 764 669 sed
816 619 953 682 quia
1001 618 1219 679 omnia,
1281 631 1415 683 ,quae
1464 613 1747 681 ejusmodi
1797 625 1960 686 sunt,
2013 612 2291 682 efficiunt,
2325 625 2415 668 ut

424 687 655 738 auditor
701 685 858 737 aliud
905 694 1067 752 agat,
1121 683 1277 736 aliud
1312 687 1555 750 cogitet,
1609 699 1775 751 quam
1812 684 1965 750 quod
2005 696 2162 753 optat
2198 695 2410 737 orator.

423 754 545 808 Nec
579 771 775 829 pauca,
829 771 935 807 nec
981 756 1119 807 vilia
1152 754 1447 806 rhetoricae
1485 765 1757 822 proecepta
1792 758 1940 804 circa
1976 753 2236 821 linguam
2275 769 2404 806 ver-

425 836 671 888 santur,
725 842 846 892 quae
896 829 1129 876 omnino
1178 839 1255 875 ex
1313 827 1585 877 orationis
1630 827 1961 893 necessitate
2011 822 2062 883 ὅ(
2114 822 2444 876 commodo·

425 906 558 947 nata
611 906 761 946 sunt.
830 895 970 946 Tale
1011 903 1132 958 est,
1156 897 1163 909 “
1186 893 1463 960 quicquid
1500 893 1570 945 de
1603 896 2007 951 sententiarum
2042 892 2264 960 forma,
2310 892 2418 944 ha-

304 974 341 999 -,
424 964 605 1026 bitu,
635 962 992 1032 longitudine
1038 966 1430 1031 praescriptum
1463 974 1580 1027 est,
1629 973 1695 1014 ut
1729 978 1834 1015 nec
1862 966 2027 1014 nimis
2063 962 2245 1030 longae
2273 965 2415 1024 sint,

426 1050 535 1087 nec
569 1037 738 1086 nimis
777 1033 1057 1101 abruptae3
1092 1047 1164 1084 ne
1201 1035 1539 1102 prolixitate
1572 1031 1830 1100 fatigent,
1871 1049 1944 1084 ne
1979 1030 2258 1085 brevitate
2298 1032 2416 1083 dis-

397 1107 645 1171 ·sipent,
696 1119 770 1154 ne
816 1102 1073 1155 iterando
1129 1103 1545 1171 negligentem,
1597 1119 1670 1154 ne
1708 1107 1883 1156 nimia
1918 1101 2157 1170 quadam
2193 1103 2418 1170 perspi-

426 1179 641 1226 cuitate
680 1170 1039 1225 fastidiosum
1091 1172 1327 1224 reddant
1360 1172 1694 1225 auditorem.
1760 1170 1912 1233 Hinc
1948 1171 2158 1224 factum
2196 1181 2310 1233 est,
2346 1179 2419 1221 ut

430 1246 665 1311 quaesita
700 1246 775 1294 sit
823 1253 951 1310 apta
987 1242 1238 1309 quaedam
1272 1258 1501 1294 vocum·
1522 1242 1821 1310 dispositio
1857 1254 2028 1310 atque
2065 1242 2204 1294 ordo
2241 1255 2417 1291 orna-

404 1324 522 1364 ttus
561 1310 611 1364 8<
644 1312 783 1363 tales
817 1315 881 1363 in
916 1315 1083 1365 initio
1106 1350 1120 1375 ‚
1172 1313 1312 1363 tales
1334 1346 1337 1351 2
1358 1315 1422 1363 in
1459 1312 1670 1375 medic,
1701 1310 1839 1365 tales
1876 1316 1940 1364 in
1972 1310 2088 1364 fine
2128 1310 2415 1364 sententias

368 1410 373 1413 -
426 1386 627 1450 positae
660 1395 830 1432 voces
866 1384 996 1432 sint.
1025 1408 1031 1418 ι
1064 1381 1215 1433 Hinc
1248 1391 1380 1431 nata
1415 1385 1693 1446 svavitas,
1729 1381 2048 1448 euphonia,
2097 1378 2417 1433 rotunditas

426 1462 542 1502 tam
591 1466 801 1502 vocum
855 1466 1020 1517 qvam
1068 1454 1494 1503 sententiarum.
1600 1448 1752 1501 Hinc
1803 1460 1960 1501 totus
2004 1452 2105 1502 illc
2143 1446 2417 1509 orationis

427 1530 663 1572 ornatus
701 1530 971 1572 externus
991 1557 1007 1581 ‚
1069 1523 1171 1587 qui
1206 1530 1320 1572 tam
1352 1523 1534 1587 ipsius
1571 1521 1659 1571 rei
1691 1535 1888 1571 caussa
1923 1518 1999 1570 ob
2042 1522 2420 1593 perspicuita-

423 1600 558 1652 tem,
590 1593 912 1656 energiam,
950 1590 1298 1656 dignitatem,
1339 1605 1511 1656 quam
1546 1589 1848 1651 auditoris,
1878 1591 1948 1654 ad
1984 1589 2152 1640 illum
2186 1604 2421 1656 persua-

426 1658 690 1723 dendum,
731 1658 1042 1727 &denique
1074 1663 1257 1729 ipsius
1291 1664 1553 1723 oratoris,
1590 1658 1664 1715 ob
1702 1663 1837 1711 artis
1871 1656 2129 1725 gloriam,
2163 1672 2418 1709 necessa-

421 1732 544 1780 rius
583 1740 670 1780 est
703 1732 878 1792 visus,
914 1733 1197 1795 originem
1227 1728 1411 1781 duxit.
1481 1724 1771 1783 Orationis
1806 1738 1994 1781 autem
2029 1738 2279 1790 ornatus,
2314 1727 2421 1791 qui

422 1801 717 1865 imprimis⁴
746 1802 809 1848 in
838 1797 1227 1869 concionibus,
1268 1801 1533 1860 comitiis,
1566 1801 1741 1850 curiis
1779 1798 1848 1849 ad
1871 1802 2254 1850 maturitatem
2289 1809 2420 1863 per-
2484 1820 2490 1826 ·

425 1871 617 1933 venit,
667 1868 943 1935 paulatim
980 1882 1101 1918 sese
1139 1870 1499 1933 propagavit,
1567 1882 1842 1932 suamque
1895 1871 2014 1917 vim
2064 1867 2419 1918 exseruitin
2481 1880 2486 1889 ‘

425 1939 583 1988 omni
614 1936 915 1987 hominum
949 1948 1240 1996 sermone,
1306 1932 1359 1984 ὅ(
1392 1936 1577 1995 varia,
1630 1950 1753 2000 quae
1789 1937 1853 1984 in
1886 1936 2166 1985 concione
2201 1946 2331 2000 apte
2368 1931 2421 1984 &

426 2008 686 2073 apposite
727 2003 876 2057 dicta
910 2013 1042 2055 sunt
1074 2001 1143 2054 ab
1176 2012 1433 2067 oratore,
1467 2007 1672 2069 saepius
1709 2013 1840 2054 sunt
1867 2005 2114 2077 (epefitfl.
2146 2006 2209 2054 iu
2242 2001 2417 2052 fami-

422 2076 560 2128 liari
594 2074 930 2140 'colloqui0‚
996 2071 1047 2125 &
1091 2088 1503 2140 nonnunquam
1564 2072 2002 2142 proverbiorum
2049 2076 2172 2139 ,rim
2215 2070 2420 2138 adepta

344 2170 351 2175 ·
425 2146 740 2213 coeperunt
766 2148 828 2195 in
863 2145 1162 2196 hominum
1196 2158 1294 2194 ore
1324 2145 1560 2195 versari.
1629 2143 1893 2211 Tumque
1929 2153 1994 2194 ut
2026 2146 2090 2194 in
2117 2143 2451 2195 hominum*

426 2213 688 2266 coetibus
737 2204 1083 2280 majoribus,
1134 2213 1370 2280 -majora
1415 2212 1797 2281 complectens
1845 2211 2092 2264 ambitio
2134 2223 2266 2265 nata
2314 2221 2418 2277 est,

424 2287 676 2353 primum
712 2288 937 2349 cognita
989 2292 1074 2334 est
1123 2284 1399 2334 sermonis
1435 2297 1570 2335 vera
1609 2286 1706 2336 .vis
1729 2320 1745 2346 ,
1814 2282 1971 2336 ferro
2019 2281 2069 2335 ὃ(
2102 2285 2236 2350 igne
2275 2296 2418 2349 saepe

424 2352 820 2424 potentiors&
842 2350 1161 2420 ‘imperandi
1197 2352 1455 2417 aliosque
1492 2351 1756 2416 ducendi,
1773 2357 1880 2406 ‚nti
1915 2351 2159 2416 videtur,
2195 2352 2421 2404 homini

424 2427 624 2477 innata
660 2421 974 2489 cupiditas,
1006 2436 1223 2473 summa
1259 2435 1392 2471 cum
1425 2421 1616 2471 laetitia
1649 2437 1865 2473 novum
1901 2424 2058 2487 qvasi
2093 2420 2296 2472 telum»
2315 2435 2421 2470 ex·-

424 2492 572 2544 culti
610 2494 884 2543 sermonis
918 2493 1041 2542 sive
1076 2492 1461 2556 persuasionis
1497 2500 1657 2542 nacta
1693 2502 1796 2557 est,
1863 2489 2065 2556 Itaque
2103 2499 2421 2556 coeperunt

425 2557 690 2613 homines
724 2575 842 2610 non
872 2564 935 2612 in
973 2569 1144 2612 coetu
1177 2568 1406 2609 tantum·
1438 2571 1635 2612 ornate
1670 2561 1832 2628 loqui
1868 2558 1918 2612 ὃ(
1953 2557 2279 2621 ambitiose,
2318 2574 2419 2609 ve·
2463 2587 2474 2604 κ

423 2623 556 2683 rum
599 2628 649 2682 &
682 2631 833 2681 intra
882 2632 1133 2699 privatos
1167 2631 1412 2698 parietes
1448 2626 1500 2681 &
1534 2630 1706 2694 domi,
1756 2630 2075 2683 faciliorem
2106 2633 2188 2681 sic
2225 2626 2276 2680 ὃ(
2308 2626 2420 2680 hu-

426 2703 740 2752 maniorem
777 2703 1168 2752 anctoritatem
1206 2710 1570 2752 excel-centes
1607 2704 1669 2752 in
1706 2711 1994 2767 cognatos,
2028 2697 2264 2762 liberos,
2300 2714 2420 2750 ser-

425 2786 532 2822 vos
573 2768 624 2822 ὃ(
657 2768 916 2833 famulos,
951 2785 1122 2837 quam
1154 2770 1205 2821 si
1238 2768 1490 2836 physicas
1524 2776 1818 2839 potestatis
1841 2762 2043 2821 'solum
2080 2772 2417 2820 anctoritate

425 2843 767 2897 niterentur.
832 2838 904 2894 In
935 2838 1131 2891 liberis
1172 2837 1505 2891 ciuitatibus
1535 2827 1705 2894 etiam
1737 2839 2107 2908 quotidianus
2143 2852 2330 2889 sermo
2366 2837 2420 2892 ὃ(

424 2906 723 2961 familiaris
758 2912 1014 2962 ornatior
1047 2917 1149 2960 est.
1539 2910 1550 2936 “

567 2972 774 3030 Omnia
809 2982 944 3030 artis
984 2976 1281 3031 rhetoricae
1312 2986 1622 3046 praecepta,
1657 2991 1782 3044 qua:
1814 2974 2079 3028 habitum
2114 2988 2420 3033 externum

418 3049 701 3106 ¹orationis
737 3057 1020 3114 spectant,
1092 3063 1215 3114 quae
1262 3062 1398 3110 sane
1447 3048 1626 3100 multa
1663 3056 1797 3097 sunt
1843 3056 2012 3112 atque
2054 3051 2263 3101 summi
2297 3064 2421 3102 mo-

428 3119 639 3179 menti,
689 3119 839 3168 circa
875 3117 1127 3184 lingvam
1175 3121 1410 3169 omnino
1445 3126 1774 3181 versantur,
1825 3125 1960 3169 sunt
1995 3126 2186 3170 autem
2218 3118 2317 3171 illa
2354 3124 2420 3171 in

425 3185 721 3239 rhetorum
736 3185 1005 3255 operibus
1041 3187 1355 3254 quaerenda,
1393 3184 1782 3248 &monstrum
1819 3201 1988 3252 quam
2021 3187 2418 3254 multifarium,

372 3254 386 3263 ’
411 3271 598 3378 apuam
649 3271 921 3380 {inagnum
963 3266 1319 3312 momentum
1353 3256 1583 3310 dicendi
1620 3271 1709 3309 ars
1756 3254 2027 3309 habuerit
2058 3259 2122 3311 in
2156 3269 2418 3313 sermone

452 3340 650 3388 erman
690 3341 747 3380 o.

1302 3429 1362 3515 ς.
1442 3439 1549 3502 23.

561 3534 699 3589 Duo
745 3535 978 3605 quidem
1024 3548 1309 3591 momenta
1344 3548 1508 3600 sunt,
1581 3553 1704 3605 quae
1755 3540 1948 3606 priora
1996 3538 2231 3607 quidem
2283 3548 2419 3591 sunt

421 3615 698 3674 tempore,
735 3624 902 3675 qvam
937 3607 1224 3660 excultior
1261 3628 1359 3660 ars
1393 3608 1610 3660 dicendi
1621 3625 1643 3667 ,·
1677 3606 2419 3678 hanceautem-memoravi-

423 3690 552 3728 mus
586 3680 764 3744 prius,
799 3687 1035 3746 propter
1068 3680 1386 3731 naturalem
1420 3680 1868 3748 connexionem,
1917 3694 2039 3745 quas
2075 3682 2225 3731 inter
2257 3680 2416 3731 illam

344 3797 348 3802 ,
424 3735 729 3802 intercedit
766 3757 934 3812 atque
968 3750 1190 3815 poesin.
1255 3747 1388 3801 Haec
1424 3757 1611 3801 autem
1646 3759 1931 3799 momenta
1979 3759 2146 3800 sunt:
2219 3750 2422 3816 religio

423 3825 594 3882 atque
648 3817 987 3886 dignitatum
1045 3818 1444 3870 discriminatio
1498 3819 1557 3870 in
1603 3817 1756 3871 civili
1800 3819 1941 3870 vita.
2052 3817 2416 3886 Religionem

426 3886 658 3951 quidem
718 3889 1015 3939 censemus
1065 3886 1132 3938 ab
1193 3888 1440 3941 humana
1503 3893 1622 3940 vita
1682 3891 1915 3939 omnino
1978 3888 2416 3957 inseparabilem

424 3953 598 4019 adeo,
664 3966 731 4010 ut
764 3957 924 4009 nulla
954 3963 1211 4032 ¹unquam
1246 3962 1531 4012 exstiterit
1576 3957 1815 4010 hnmani
1848 3962 2080 4029 generis
2116 3970 2243 4013 aetas
2288 3964 2415 4012 sine

468 4141 531 4212 Ὀ)
574 4161 702 4203 Huic
722 4163 856 4205 enin
882 4161 1074 4205 omi-⁰
1099 4163 1382 4207 adversatur
1428 4157 1665 4227 sentgntit
1691 4163 1896 4210 Ari-tot.
1926 4164 2065 4207 miet-
2121 4163 2178 4205 1..
2213 4162 2258 4212 3.
2294 4171 2336 4203 ο.
2366 4162 2413 4212 9.
