2707 4650
512 302 625 405 ᾗ,
1245 264 1476 373 ”32

430 460 689 525 gentem,
741 452 908 520 cujus
948 450 1144 520 lingva
1178 453 1259 507 sic
1294 449 1495 507 affecta
1532 462 1635 517 est,
1675 454 1957 522 peculiari
1994 456 2219 511 cuidam
2257 455 2431 515 affec-

429 530 581 580 tioni
618 522 926 576 obnoxiam
990 521 1204 587 fuisse,
1270 518 1421 576 unde
1456 535 1621 576 natus
1657 535 1743 576 est
1777 525 1985 593 lingvae
2020 532 2192 582 nimis
2224 536 2429 584 unico-

426 598 520 652 lor
557 590 920 653 character.‘’‘')
958 592 1110 645 Tum
1137 608 1267 645 sane
1300 597 1586 660 aptissima
1618 595 1812 660 lingva
1852 606 1936 648 est
1972 597 2042 649 ad
2077 615 2304 653 omnem
2335 604 2430 653 vi-

352 676 365 695 *
433 679 503 719 tae
540 681 726 724 usum,
768 661 996 730 quando
1048 663 1269 714 nullius
1307 667 1587 732 passionis
1625 662 1841 730 sp'ecies
1883 668 2153 732 praevalet
2186 672 2249 720 in
2288 661 2438 736 ipsis'

428 739 638 802 lingvae
676 733 987 799 elementis,
1023 737 1333 785 tum-enim
1373 738 1482 785 erit
1522 731 1855 785 facillimum
1890 736 1999 800 illi,
2037 742 2140 804 qui
2173 733 2275 791 tali
2310 740 2425 791 lin-
2478 778 2489 786 .

412 860 417 865 ,
475 824 542 857 va
576 800 817 869 utitur,'
840 805 922 854 sic
973 807 1290 855 orationem
1342 801 1650 855 informare
1688 801 1738 854 δε
1771 807 1851 855 sic
1886 820 2057 858 voces
2094 809 2325 874 eligere,
2361 819 2427 860 ut

350 860 354 865 ’
430 896 452 930 1
478 877 598 927 lum
635 876 922 941 aptissime
959 875 1243 940 exprimat-
1273 883 1479 925 statum
1515 877 1707 936 animi,
1745 875 1846 940 qui
1878 875 1969 925 illi
2003 880 2155 930 inest
2183 879 2246 929 in
2280 894 2426 945 quo-
2461 882 2464 889 '

429 959 658 1010 cunque
709 946 1014 994 momento.
1088 937 1153 993 Si
1208 958 1346 994 vero
1383 941 1617 1009 aliquod
1641 944 1996 1011 'elementum
2032 953 2269 1015 propter
2309 963 2427 999 ser-

425 1018 615 1068 monis
667 1013 1148 1078 construptionem
1211 1015 1576 1081 originariam
1625 1015 1782 1065 omni
1829 1010 1972 1083 fere.
1998 1028 2286 1068 momento
2335 1033 2427 1068 re-

428 1086 627 1145 currit,
678 1085 948 1133 orationis
983 1078 1246 1134 turbatur
1270 1085 1385 1141 „vis
1432 1080 1481 1134 8<
1518 1079 1779 1147 effectuss
1809 1098 1940 1134 cum
1969 1084 2083 1144 ‚alia
2119 1085 2431 1138 inducatur

402 1154 705 1224 ,passionis
754 1153 987 1219 species,
1026 1167 1194 1218 quam
1240 1152 1374 1215 illa,
1424 1154 1545 1220 qnae
1599 1153 1973 1220 exprimenda
2021 1164 2123 1223 est.
2205 1150 2442 1220 Quam--

406 1236 619 1291 quam·
657 1237 762 1272 nos
809 1220 1020 1272 *vocalis
1079 1236 1118 1270 o·
1156 1225 1390 1274 nimiam
1439 1221 1815 1289 frequentiam
1858 1227 2310 1277 annotaverimus
2361 1229 2431 1276 iu.

374 1340 377 1343 ,
427 1294 627 1359 lingva
663 1289 884 1351 italica,
926 1289 1160 1342 laudant
1212 1301 1399 1343 tamen
1434 1296 1623 1344 critici
1658 1294 1783 1345 itali
1826 1308 1938 1344 suae
1975 1295 2176 1359 lingvae
2212 1297 2429 1361 aptitu-

426 1363 616 1413 dinem
666 1358 778 1411 hoc
816 1370 1124 1428 respectu,
1180 1361 1341 1427 quod
1384 1365 1463 1413 ita
1500 1366 1576 1413 sit
1610 1360 1883 1429 formata,
1922 1375 1988 1415 ut
2005 1378 2126 1430 φοι·
2160 1362 2315 1414 illam
2351 1363 2456 1414 li-.

427 1433 550 1482 caat
601 1443 828 1491 omnem
860 1432 1212 1480 xvarietatem
1264 1434 1592 1500 passionum
1645 1435 1967 1499 exprimere
2027 1429 2429 1500 &quemlibet

429 1498 815 1552 affectionum‘
876 1499 1128 1549 colorem
1193 1514 1334 1551 sono
1396 1500 1579 1551 veluti
1652 1500 1977 1568 depingere.
2080 1500 2462 1573 Hujusmodi,

426 1570 756 1639 exemplum
795 1566 1025 1619 adducit
1061 1566 1468 1621 Crescembeni‘
1489 1584 1520 1619 e
1548 1575 1733 1638 primo
1765 1568 2083 1622 Petrarchae
2124 1580 2429 1624 sonnettoz

442 1652 449 1653 ’
696 1638 814 1689 Voi
853 1638 958 1690 che
995 1639 1262 1690 ascoltate
1316 1643 1378 1690 in
1416 1641 1557 1691 rime
1591 1654 1781 1706 sparse
1817 1641 1861 1691 il
1896 1656 2079 1691 suono

693 1708 774 1760 Di
811 1711 943 1779 qvei
985 1710 1191 1774 sospiri
1230 1708 1379 1759 onde
1417 1711 1477 1760 io
1513 1708 1758 1761 nudriva
1795 1708 1852 1760 il
1877 1725 2069 1761 cuore.

424 1781 552 1836 Hoc
584 1781 716 1832 loco
748 1789 957 1844 'nempe
1000 1775 1137 1827 dicit
1172 1777 1408 1844 grandia
1444 1795 1474 1829 a
1518 1777 1797 1846 depressis
1826 1776 1875 1830 ὅ(
1909 1777 2227 1831 humilibus
2258 1791 2428 1845 egre-
2471 1770 2480 1777 ’

343 1894 347 1899 .
424 1856 548 1919 grie
588 1845 708 1901 esse
749 1846 1009 1898 distincta
1045 1861 1150 1911 per
1184 1851 1374 1912 ipsum
1409 1849 1614 1911 'sonum
1643 1849 1945 1900 vocalium.
1998 1838 2240 1901 vocales
2270 1863 2429 1898 nem-

422 1936 497 1990 pe
535 1938 589 1983 a,
627 1936 674 1979 o,
714 1933 769 1977 u,
805 1912 1117 1965 secundum
1162 1914 1337 1967 Italos
1375 1914 1650 1966 solemnia
1701 1919 2034 1981 exprimunt
2087 1915 2139 1967 &
2173 1916 2425 1983 grandia,

423 2007 548 2058 quae
600 1985 747 2037 bene
797 1985 1151 2034 conveniunt
1205 1983 1536 2050 incipientis
1588 1987 1779 2053 operis
1833 1981 2127 2051 dignitati,
2169 2001 2292 2050 quae
2327 1985 2425 2035 hic

394 2056 769 2127 'depingitur
802 2056 865 2104 in
914 2049 1152 2104 vocibus
1194 2043 1538 2104 ”ascoltate‘'
1593 2055 1847 2123 ”sparse''
1885 2055 2138 2116 ’'suono'‘,
2174 2053 2273 2105 sed
2308 2068 2426 2103 ma-

417 2133 588 2181 teriei
626 2123 964 2189 recordatio⁸
981 2133 1270 2175 auctorem
1306 2123 1579 2191 deprimit
1612 2123 2003 2192 humilemque
2050 2122 2253 2184 reddit,
2293 2137 2426 2176 cum

426 2196 782 2268 juvenilium
815 2197 1146 2260 passionum
1178 2196 1410 2244 nimiam
1448 2195 1567 2245 vim
1592 2193 1858 2246 confiteri
1893 2203 2147 2259 cogatur,
2187 2191 2237 2244 ὅ(
2272 2191 2429 2244 hune

420 2270 627 2321 mentis
678 2273 888 2321 statum
939 2265 1210 2328 exprimit
1270 2259 1511 2314 vocibus
1573 2263 1841 2333 ''sospiti'’
1906 2264 2030 2314 '’io”
2079 2262 2426 2314 ”nudriva'h

419 2338 644 2391 Horum
680 2345 868 2386 tamen
895 2335 982 2383 vis
1015 2330 1165 2383 sorte
1197 2329 1265 2384 ab
1301 2336 1442 2399 ipsis
1479 2331 1654 2397 Italis,
1691 2349 1861 2400 quam
1896 2333 2019 2384 ullo
2058 2333 2191 2394 alio,
2216 2332 2424 2383 melius

421 2406 692 2460 sentitur'
720 2401 770 2454 8<
808 2403 1155 2465 agnoscitur.
1228 2399 1347 2450 Nos
1391 2411 1581 2449 tamen
1614 2413 1735 2448 non
1771 2414 2062 2464 negamus,
2091 2405 2201 2449 vnos
2235 2405 2299 2449 in
2335 2401 2427 2450 se-

421 2472 732 2544 quentibus
785 2470 1050 2520 Dantinis
1090 2465 1353 2518 versibus
1411 2466 1479 2517 ad
1517 2478 1765 2519 sanctam
1801 2470 2100 2530 virginem,
2143 2465 2194 2518 &
2228 2482 2428 2533 quam·

421 2558 651 2612 cunque
686 2540 855 2593 aliam
884 2540 1186 2589 ‘invenisse
1212 2540 1616 2604 amoenitatem,
1647 2534 1697 2588 δι
1728 2535 2159 2606 perfectionem,
2202 2533 2253 2590 ὃ(
2283 2552 2426 2605 prae-

419 2626 579 2668 terea
614 2614 784 2666 etiam
829 2606 1006 2658 hanc:
1266 2621 1273 2628 ·
1673 2649 1674 2652 ,

688 2666 975 2743 ”Ver-gine
1012 2673 1205 2736 madre
1242 2670 1403 2752 figlia
1440 2673 1531 2728 del
1566 2685 1669 2729 tuo
1706 2673 1870 2742 figlio

685 2747 919 2804 Humile
957 2744 1029 2799 ed
1066 2745 1180 2799 alta
1212 2747 1317 2815 piu
1369 2745 1475 2799 che
1545 2753 1861 2803 creatura.”
1987 2807 1990 2810 ¹
2037 2791 2040 2794 .

1299 2848 1362 2933 §.
1445 2859 1553 2922 32.

605 2959 874 3034 Quaedam
917 2961 1387 3017 vero‘elementa
1446 2964 1607 3014 vocis
1661 2978 1766 3031 per
1826 2975 1887 3013 se
1936 2957 2211 3027 ignobilia
2259 2970 2427 3022 sunt3

424 3034 681 3106 quaedam
718 3040 869 3087 enim
898 3038 1076 3086 etiam
1115 3030 1403 3100 alphabeti
1449 3030 1611 3099 plebs
1654 3043 1736 3084 est
1773 3028 1823 3083 &
1858 3031 2090 3099 quidam
2124 3040 2257 3082 sunt
2290 3046 2425 3098 pro-

427 3123 604 3161 ceres.
643 3104 792 3158 Hinc
827 3107 1080 3156 nascitur
1106 3106 1276 3161 tertia
1309 3099 1588 3169 perfectio
1623 3105 1748 3153 soni
1778 3104 1840 3152 in
1882 3118 1947 3154 eo
1983 3104 2322 3153 consistens:
2360 3108 2428 3150 ut

429 3176 637 3229 talium
673 3176 1058 3229 elementatum
1124 3190 1251 3223 uam
1276 3181 1576 3223 ceterorum
1591 3172 1680 3222 vel
1714 3172 1896 3222 minus
1916 3167 2192 3241 frequ‘ens
2227 3172 2302 3221 sit
2338 3187 2423 3221 re-

429 3257 652 3299 cursus.‘
715 3242 1012 3313 Ejusmodi
1070 3258 1100 3295 e
1126 3252 1430 3294 emeritum⁴
1467 3250 1551 3292 est
1587 3242 1753 3292 litera
1786 3239 1838 3307 lc,
1881 3238 1931 3309 ᾇ(
1964 3245 2129 3292 variae
2165 3251 2424 3305 guttura-

425 3317 512 3369 les
534 3352 549 3378 ,
598 3330 705 3366 nec
733 3330 849 3364 non
886 3313 1325 3381 compositiones
1365 3308 1596 3362 diversae
1634 3314 2083 3361 consonantium.
2164 3308 2296 3360 Haec
2334 3307 2422 3356 uti

427 3385 782 3454 quaecunque
820 3384 929 3434 alia
965 3399 1054 3434 res
1098 3385 1164 3435 iu
1198 3376 1526 3432 excessibus
1563 3384 1808 3432 maxime
1857 3384 2208 3446 innotescit-ff
2286 3375 2335 3426 T
2341 3377 2424 3427 ri·-

425 3455 566 3524 plex
602 3465 794 3505 autem
828 3456 973 3505 ratio
1010 3462 1155 3514 est‚·
1194 3466 1298 3501 cur
1348 3448 1599 3515 quaedam
1650 3451 1826 3501 literae
1876 3449 2248 3516 ignobiliores
2291 3447 2424 3508 sint,

428 3526 651 3593 partim·
672 3526 806 3590 quia
843 3520 911 3573 ab
962 3524 1186 3587 origine
1222 3516 1598 3586 ignobiliores
1650 3516 1979 3572 affectiones
2018 3519 2285 3574 indicant,
2329 3513 2422 3564 vel

427 3607 561 3647 cum
607 3596 877 3643 contemti
911 3592 1151 3657 alicujus
1189 3588 1447 3640 animalis
1484 3605 1625 3640 voce
1663 3589 1942 3655 quandam
1977 3585 2187 3637 habent
2220 3583 2422 3634 simili-
2463 3627 2470 3640 .

428 3662 721 3722 tudinem3
759 3662 887 3725 vel,
929 3660 1084 3728 quod
1119 3662 1372 3712 omnium
1411 3663 1720 3725 pessimum
1756 3670 1857 3723 est,
1892 3658 2065 3709 literae
2104 3669 2274 3705 sonus
2316 3656 2425 3703 im-

430 3748 613 3800 purus
649 3730 701 3782 &
734 3728 941 3782 raubus
977 3741 1077 3795 est,
1114 3733 1204 3780 uti
1236 3732 1522 3781 variarum
1556 3729 1932 3795 gutturalium
1968 3723 2124 3784 ade0,
2160 3732 2225 3773 ut
2261 3722 2425 3774 colli-

428 3795 625 3853 sorum
690 3814 958 3852 saxorum
1026 3802 1239 3851 sonitui
1301 3813 1714 3865 nonnunquam
1783 3794 1935 3847 haud
1997 3792 2269 3845 absimilis
2331 3794 2423 3842 sit.

430 3868 820 3922 Gutturalium
869 3868 1219 3922 arabicarum
1268 3883 1473 3919 sonum
1530 3870 1878 3920 exscreantis
1929 3863 2141 3915 referre
2189 3856 2458 3913 affirma--

429 3950 568 3991 runt
604 3943 717 3991 viri
753 3939 925 3991 docti.
968 3937 1278 3991 ·Perfectio
1314 3935 1467 3988 haud
1505 3948 1689 3989 tamen
1723 3938 1980 4003 consistit
2013 3936 2074 3984 in
2114 3948 2199 3997 eo,
2238 3939 2302 3981 ut
2340 3938 2421 3976 ta-

429 4009 509 4061 lia
546 4008 820 4060 elementa
859 4012 1091 4074 omnino
1130 4006 1314 4060 absint
1331 4024 1362 4082 3x
1399 4023 1529 4058 nam
1577 4011 1640 4058 in
1674 4006 1816 4078 repl.
1854 4005 2262 4070 elementorum
2294 3997 2421 4047 lite—

433 4082 904 4155 m
928 4101 1161 4150 quandam
1206 4111 1305 4141 esse
1334 4100 1528 4154 perditae
1553 4099 1724 4152 gloria·
1739 4102 2008 4150 perpetuam
2039 4094 2237 4148 elegiam
2259 4079 2422 4141 philo·

596 4156 727 4199 mele
753 4155 972 4209 planctui
997 4156 1202 4198 similem
1228 4165 1323 4197 uon
1342 4163 1589 4209 negamus.
1771 4155 1777 4165 ¹
1845 4177 1850 4188 ,

520 4257 532 4280 1

1919 4357 1942 4376 Χ

2611 2192 2699 2580 —am
