2707 4650
364 497 366 500 ⁴
452 479 709 537 &solita
742 479 817 535 sit
849 478 1093 550 junctio.
1165 475 1263 551 Sic
1301 495 1400 534 ex.
1433 493 1523 548 gr.
1556 478 1812 549 quaedam
1849 480 2059 551 lingvae
2101 479 2453 555 adjectivum

446 554 790 623 plerumque
819 558 1155 621 praeponunt
1190 548 1564 619 substantivO,
1600 553 1728 608 aliis
1754 556 2015 613 inversus
2050 553 2238 623 placet
2268 552 2449 615 ord03

377 638 380 639 ⁷
448 621 705 691 quae'dam
741 632 1039 690 personam
1079 622 1333 697 jungunt
1365 617 1574 685 verbO,
1616 626 1697 675 ita
1731 634 1798 676 ut
1831 639 2076 693 persona
2111 622 2162 676 ὅ(
2196 620 2446 678 verbum

449 693 647 747 eadem
692 707 836 745 voce
890 694 1235 745 enuncietur
1289 682 1341 744 δὲ
1393 702 1618 760 tempus
1669 693 1924 747 indicant
1959 690 2254 761 syllabicis
2293 690 2455 745 diffe-

381 776 398 787 “
448 766 685 828 tentiis,
749 762 871 815 aliae
925 766 1121 831 ipsum
1176 759 1420 819 verbum
1455 759 1508 814 &
1539 777 1839 831 personam
1875 762 1926 816 ὃ(
1950 788 1953 793 >
1980 774 2205 833 tempus
2247 761 2299 815 ὃ(
2332 779 2457 833 mo-

450 834 591 886 dum
636 835 907 900 separatis
952 830 1197 884 vocibus
1250 830 1551 885 exhibent.
1624 829 1842 886 Similis
1877 849 2110 901 quoque
2147 844 2234 887 est
2267 836 2460 886 nomi-

446 908 591 957 nu'm
642 907 822 965 ratio,
872 903 1128 970 quaedam
1156 907 1321 979 *enim
1372 906 1564 970 ipsum
1600 919 1813 956 nomen
1853 906 2117 979 ejusque·
2151 905 2464 959 relationes

450 974 523 1027 ad
580 974 717 1027 alias
765 975 1031 1025 notiones
1087 989 1201 1031 una
1255 973 1566 1042 eademque
1626 987 1770 1027 voce
1820 977 2160 1038 enunciant,
2200 976 2324 1028 aliae
2357 971 2463 1027 has

323 1069 335 1091 ·
423 1045 759 1097 ‘relationes
812 1041 1081 1095 denotant
1134 1047 1409 1110 separatis
1456 1040 1718 1097 vocibus.
1814 1043 1889 1096 Et
1945 1048 2009 1097 in
2058 1043 2172 1097 hoc
2227 1041 2462 1112 quidem

454 1123 699 1183 apparet,
737 1120 1034 1166 structurae
1065 1109 1431 1166 differentia·
1498 1098 1782 1167 ¹Ceterum
1815 1114 2049 1182 quidam
2083 1117 2334 1167 orationi
2368 1129 2474 1164 na·-

453 1185 656 1237 turalis
683 1181 851 1249 *ordo
903 1194 1021 1247 est,
1056 1183 1293 1250 quidam
1345 1195 1542 1243 autem
1580 1182 1927 1249 artificialis,
1964 1187 2070 1254 qui
2098 1194 2312 1236 naturae
2344 1198 2468 1234 non

453 1257 720 1322 sequitur
766 1254 925 1319 leges
974 1254 1285 1321 simplices.
1379 1253 1496 1307 Hic
1542 1258 1736 1309 antem
1776 1267 1880 1307 *est
1933 1255 1986 1310 ὃς
2020 1263 2269 1318 [vocatur
2320 1251 2466 1303 ordo

455 1326 730 1379 orationis
782 1323 1061 1376 naturalis
1083 1363 1099 1391 ,
1134 1326 1237 1390 qui
1290 1339 1323 1375 a
1372 1321 1635 1391 subjecto
1686 1327 1926 1394 incipit,
1962 1323 2226 1391 subjecto
2274 1320 2472 1390 jungit

452 1392 819 1464 praedicatum
856 1390 907 1444 ὅ(
941 1403 1293 1460 postremum
1326 1397 1493 1461 ponit
1525 1392 1830 1458 objectum,
1900 1405 1969 1448 ut
1999 1399 2064 1455 in
2091 1393 2200 1447 hac
2234 1389 2304 1443 fit
2337 1406 2476 1459 pro-

455 1466 779 1533 positione:
832 1460 1197 1515 ”Alexander
1235 1465 1446 1516 amavit
1497 1459 1829 1516 Helenam.”
1898 1461 1963 1516 Si
2004 1474 2195 1518 autem
2229 1461 2476 1514 dicimus

454 1530 993 1586 Helenam'amavit
1026 1532 1373 1597 Alexander,
1409 1541 1512 1586 aut
1545 1532 1875 1586 Alexander·¹
1918 1530 2470 1592 Helenam'amavit,

452 1612 554 1657 aut
587 1602 805 1655 amavit
839 1601 1113 1656 Helenam
1146 1605 1503 1671 Alexander,
1533 1613 1634 1656 aut
1666 1603 1886 1655 amavit
1917 1604 2245 1657 Alexander
2292 1600 2474 1652 Hele-

456 1692 621 1737 nam,
668 1683 768 1725 aut
801 1673 1078 1743 Helenam
1111 1673 1439 1728 Alexander
1474 1673 1709 1738 amavit,
1746 1689 2087 1742 quamquam
2137 1672 2250 1741 lroc
2298 1666 2479 1724 latine

458 1758 619 1812 aeque
667 1741 837 1796 facile
890 1743 1006 1796 dici
1056 1754 1283 1820 potest,
1326 1754 1453 1797 tum
1503 1742 1649 1796 ordo
1698 1755 1854 1797 certe
1904 1760 2022 1796 non
2058 1753 2146 1797 est
2177 1740 2478 1802 naturalis,

460 1813 563 1868 sed
597 1811 926 1877 artificialis,
961 1811 1013 1867 &
1048 1829 1181 1867 cum
1222 1815 1634 1882 propositionis
1672 1811 2034 1867 membra·in
2071 1816 2251 1868 alium
2281 1810 2483 1863 locum
2512 1824 2518 1830 ⁴

458 1893 934 1952 transponantur,
986 1881 1086 1934 hic
1152 1894 1390 1934 vocatur
1442 1881 1586 1934 ordo
1637 1885 2078 1950 transpositivus
2135 1900 2168 1935 a
2194 1886 2515 2003 gramma-³
2540 1893 2563 1905 ⁶

460 1958 617 2008 ticis.
647 2007 654 2013 ,
686 1952 805 2003 111ae
856 1961 1057 2004 autem
1102 1950 1345 2019 lingvae‚
1383 1966 1508 2018 quaa
1553 1948 1797 2004 verbum
1847 1949 1899 2004 ὅ(
1934 1963 2157 2022 tempus
2277 1965 2476 2019 perso-

460 2039 591 2076 nam
640 2037 760 2073 una
810 2035 956 2074 voce
1009 2020 1257 2087 junctim
1306 2022 1621 2075 enunciant
1635 2056 1652 2084 ,
1686 2020 1836 2073 hanc
1882 2024 2388 2091 transpositionem
2423 2017 2478 2072 &

460 2097 764 2164 patiuntur
798 2088 850 2143 &
884 2101 1198 2157 usurpant3
1232 2089 1334 2144 sed
1375 2089 1495 2158 hae,
1547 2105 1672 2158 quae
1706 2095 1977 2160 separatis
2012 2089 2257 2146 vocibus
2290 2091 2479 2144 nomi-
2517 2123 2521 2127 -
2566 2138 2571 2143 .

427 2183 537 2219 2na
589 2161 641 2216 8(
690 2159 866 2214 verba
912 2162 1296 2229 motionesque
1356 2160 1476 2213 illis
1528 2160 1732 2225 relatas
1782 2158 2106 2229 proferunt,
2156 2161 2479 2213 naturalem

465 2232 728 2288 ordinem
774 2233 1025 2284 maxime
1076 2241 1307 2284 servant
1359 2226 1413 2283 &
1456 2245 1686 2284 servare
1735 2241 2047 2298 coguntur.
2146 2227 2480 2292 Secundum

429 2310 435 2321 '
463 2305 615 2359 hanc
665 2300 999 2371 qualitatem
1051 2297 1176 2355 duas
1236 2311 1514 2369 apparent
1549 2297 1826 2353 distinctas
1861 2298 2094 2356 familiae
2129 2301 2477 2369 lingvarum‚

465 2377 715 2444 quarum
773 2387 948 2423 unam
994 2371 1457 2442 transpositivam
1472 2408 1491 2432 ,
1566 2370 1802 2423 alteram
1848 2371 2153 2441 analogum
2207 2370 2486 2423 nonnulli

467 2450 753 2498 vocarunt
797 2443 1165 2508 grammatici.
1255 2437 1520 2507 Analoga
1578 2448 1772 2502 autem
1806 2438 1925 2491 haec
1963 2439 2184 2491 familia
2219 2451 2483 2502 vocatur,
2528 2445 2533 2450 ’

469 2510 632 2590 quod
682 2509 827 2564 ordo
884 2511 1170 2563 orationis
1211 2511 1478 2575 sequitur
1512 2510 1883 2576 cogitationis
1918 2509 2261 2577 analogiam.
2333 2502 2487 2563 Om-

369 2649 374 2654 „
467 2588 651 2648 nium,
688 2594 829 2647 quas
865 2580 1152 2641 novimus,
1189 2577 1521 2645 lingvarum
1555 2577 1748 2633 latina
1790 2582 2039 2633 maxime
2078 2579 2491 2650 transpositiva

471 2662 576 2718 est,
634 2659 961 2719 quanquam
997 2650 1152 2701 enim
1188 2647 1301 2700 illas
1336 2659 1536 2716 gentes
1554 2685 1570 2712 ,
1619 2664 1761 2716 quas
1794 2666 2026 2704 romana
2057 2665 2210 2703 arma
2246 2647 2493 2717 subege-

466 2731 636 2787 runt,
690 2734 930 2788 quaeque
979 2720 1230 2771 romanis
1257 2717 1481 2780 ‚deinde
1513 2720 1695 2771 literis
1730 2729 1864 2772 sunt
1903 2721 2164 2783 excultae,
2197 2735 2494 2774 romanam

468 2806 616 2859 saepe
659 2789 970 2844 dictionem
999 2791 1122 2841 suis
1156 2790 1480 2859 vernaculis
1533 2791 1750 2842 imitari
1798 2789 2091 2855 studuere,
2129 2788 2180 2842 ὅ(
2212 2788 2489 2843 talimodo

470 2864 698 2917 romani
735 2860 1013 2913 sermonis
1044 2855 1278 2910 habitus
1312 2861 1379 2911 in
1403 2861 1788 2926 germanicam
1805 2860 2059 2928 lingum
2094 2863 2358 2927 inprimis
2397 2869 2490 2918 at-g·
2564 2883 2567 2886 ·

471 2947 589 3000 que
622 2930 977 2998 hispanicam
1010 2926 1373 2998 introductus
1415 2937 1530 2991 θεῖς
1564 2938 1754 2982 tamen
1789 2933 1895 2982 vix
1928 2940 2173 2998 possunt
2204 2934 2329 2982 istae
2365 2929 2481 2981 lin-

474 3000 1049 3069 gvae⁴transpositivae
1083 3002 1299 3061 vocari,
1335 3014 1468 3051 cum
1501 3003 1846 3070 peregrinus
1879 2998 1978 3052 hic
2013 3014 2154 3053 usus
2189 3003 2492 3067 nunquam

476 3069 716 3138 omuino
787 3070 973 3136 possit
1032 3083 1167 3121 cum
1234 3071 1549 3135 originario
1614 3069 1823 3137 lingvae
1888 3073 2103 3139 spiritu
2134 3072 2494 3123 ‘conciliari-

476 3138 680 3204 Graeca
707 3149 903 3191 autem
940 3137 1138 3204 lingva
1183 3137 1597 3208 transponendi
1637 3154 1873 3207 quoque
1906 3155 2109 3209 magna
2147 3139 2359 3208 gaudet
2399 3137 2493 3192 fa-
2530 3203 2541 3206 ι

465 3212 711 3271 stultate,
759 3207 863 3261 hac
899 3217 1089 3261 autem
1128 3209 1311 3261 multo
1348 3212 1537 3261 minus
1565 3212 1658 3262 usi
1694 3220 1831 3261 sunt
1865 3214 2316 3281 praestantissimi
2351 3225 2496 3263 auc-

476 3290 635 3333 tores
672 3276 1015 3342 Graecorum,
1055 3293 1226 3346 quam
1259 3277 1521 3331 Romani.
1557 3275 1806 3331 Ser-ioris
1849 3284 2022 3334 aetatis
2049 3276 2240 3334 'Graeci
2281 3279 2354 3332 ad
2389 3294 2493 3330 ro—

478 3364 714 3404 manum
782 3352 964 3416 magis
1022 3364 1191 3404 usum
1256 3345 1633 3404 deflexerunt.
1714 3343 2009 3414 ,Gothicae'
2041 3362 2232 3404 antem
2280 3351 2492 3415 lingva
2524 3375 2533 3382 ,

478 3435 680 3474 omnes
725 3419 994 3490 analogoe
1029 3429 1196 3471 rsunt.
1278 3418 1399 3471 111ae
1451 3435 1592 3471 vero
1647 3417 1890 3487 lingue,
1960 3437 2085 3489 quae
2123 3423 2239 3490 jam
2271 3423 2336 3470 in
2371 3435 2490 3472 usu

480 3500 617 3543 sunt
646 3505 751 3560 per
781 3499 964 3543 totam
995 3486 1303 3556 Europam,
1331 3489 1512 3552 modo
1553 3488 1837 3553 Russiam,
1880 3492 2212 3544 orientalem
2254 3485 2493 3542 Germa-

479 3559 669 3624 niam,
720 3570 944 3612 montes
1001 3554 1349 3623 Caledoniae,
1404 3557 1715 3624 Hiberniae,
1750 3557 2054 3613 Britanniae
2100 3558 2491 3629 &Pyrenaeos

443 3655 446 3658 ·
483 3633 737 3698 excipias
754 3671 771 3698 ,
818 3630 1115 3697 gothicum
1161 3626 1379 3685 habent
1422 3629 1837 3691 characterem;
1904 3645 2248 3698 quamquam
2301 3640 2488 3683 trans·

421 3699 430 3706 '
482 3700 738 3770 ponendi
788 3716 926 3754 usus
981 3698 1372 3753 Romanorum
1427 3702 1559 3770 plus
1607 3699 1709 3756 vel.
1743 3704 1933 3754 minus
1970 3702 2034 3751 in
2067 3703 2252 3751 varias
2291 3703 2366 3752 sit
2395 3704 2490 3751 in-

484 3781 684 3823 vectus
737 3774 872 3823 cum
933 3773 1182 3822 romanis
1238 3770 1422 3822 literis
1482 3767 1533 3822 δι
1565 3766 1807 3821 artibus,
1881 3769 1951 3820 In
1984 3768 2264 3822 hodierna
2298 3781 2523 3823 tamen,

480 3841 681 3908 lingva
720 3841 910 3893 italica
956 3842 1192 3893 minime
1228 3836 1353 3891 fere
1399 3849 1651 3909 apparet.
1700 3836 1886 3891 ·Adeo
1921 3839 2016 3891 vel
2052 3838 2224 3893 hodie
2259 3842 2324 3892 in
2361 3844 2489 3907 ipsa
2549 3895 2563 3904 ,

480 3910 986 3977 lingva-servatur
1029 3913 1338 3978 vestigium
1389 3911 1539 3965 sedis
1589 3910 1819 3978 imperii
1868 3908 2106 3976 gothici.
2189 3906 2305 3962 Sed
2336 3913 2490 3960 inter

487 3996 683 4034 omnes
735 3981 999 4047 analogas
1046 3980 1266 4049 lingvas
1318 3973 1665 4043 britannica,
1701 3981 1790 4031 uti
1840 3988 2211 4048 temporum,
2231 3993 2488 4042 casuum,

484 4049 791 4105 modorum
834 4049 1299 4105 distinctionibus
1347 4056 1596 4106 maxime
1650 4060 1737 4101 est
1772 4048 2037 4105 destituta
2055 4089 2095 4118 „
2122 4054 2214 4106 ita·
2256 4048 2307 4104 &
2356 4064 2494 4105 ana-

486 4121 703 4190 logiam
737 4125 1098 4191 cogitationis
1132 4125 1196 4177 in
1235 4126 1494 4181 oratione
1543 4125 1758 4193 optime
1795 4119 2001 4177 serv’at.
