2707 4650
1155 194 1171 217 Ι

1125 322 1128 327 ,
1173 254 1264 320 25.

222 423 387 479 saepe
427 422 565 465 cum
608 400 875 475 pluribus
917 400 1100 456 simul
1146 401 1440 469 loquitur,
1514 412 1681 470 saepe
1729 402 1793 453 in
1853 403 2111 453 exercitu
2161 396 2215 454 «Sc
2314 450 2317 455 .

221 479 551 540 concione}
602 475 742 528 hinc
793 477 1046 525 nascitur
1093 476 1398 525 necessitas
1451 471 1625 524 altius
1673 469 1722 524 &
1770 470 2088 523 distinctius
2122 472 2215 522 lo-
2259 514 2276 541 ἱ

225 546 470 618 ςυοιιᾶίς
546 549 800 614 privatus
849 553 1039 595 autem
1091 559 1223 595 cum
1266 545 1462 610 paucis
1506 543 1847 609 plerumque
1887 538 1934 592 ὃ(
1970 545 2233 609 cognitis

224 622 485 687 loquitur
521 614 571 668 ὃ(
606 614 771 682 saepe
816 614 983 676 talia,
1060 629 1307 680 quorum
1357 605 1762 678 jactura'haud
1799 613 1986 679 gravis
2021 610 2218 663 futura.
2274 662 2281 667 ,

225 695 299 742 sit
336 682 716 739 audientibus.
786 682 842 734 Is
878 699 1034 745 veru,
1063 686 1183 749 ‘qui
1218 682 1493 749 dignitate
1528 681 1794 749 praeditus
1832 685 1983 732 inter
2019 681 2215 749 plures

222 751 399 811 verba
434 755 591 823 facit,
626 753 1019 806 vehementius
1056 768 1221 820 saepe
1254 764 1518 805 movetur
1550 755 1737 819 animo
1774 748 1822 801 ὅ(
1858 747 1933 801 ob
1971 754 2054 801 rei
2087 763 2222 816 gra-

189 846 200 849 ¹
224 824 459 880 vitatem
496 825 544 877 δε
581 823 653 875 ob
690 835 972 876 certamen
1011 826 1282 874 orationis
1318 833 1488 888 atque
1525 824 1716 872 nisum
1750 818 2126 889 persvadendi
2168 817 2219 871 &
2284 816 2287 823 ’

221 896 398 950 fidem
433 893 678 946 faciendi
715 892 764 945 ὃ(
800 894 1192 944 auctoritatem
1227 889 1574 952 sustinendi;
1612 895 1793 942 omnis
1831 893 1984 961 enim
2021 899 2219 941 aucto·-

224 971 369 1020 ritas‘
401 981 620 1032 semper
654 963 882 1016 invidiae
921 972 1006 1013 est
1045 960 1311 1014 obnoxia.
1384 959 1515 1024 Haec
1552 972 1703 1029 certe
1738 973 1996 1026 magnam
2030 967 2225 1011 creant
2254 1006 2255 1009 ,

224 1046 488 1095 accentus
522 1031 898 1085 differentiam
943 1035 1006 1082 in
1067 1046 1370 1099 procerum
1421 1028 1470 1082 ὃς
1537 1035 1890 1098 privatorum
1940 1044 2222 1097 sermone.

223 1105 445 1160 Verum
522 1104 821 1173 paullatim
889 1105 1140 1153 nascitur
1206 1105 1376 1152 etiam
1411 1099 1786 1159 ,consvetudo
1851 1096 2226 1165 subjectivam

221 1165 525 1243 personam*
563 1187 867 1242 procerum
920 1170 1234 1238 etiam-alia
1288 1170 1431 1223 voce
1492 1169 1850 1237 exprimendi
1896 1184 2064 1236 quam
2106 1171 2228 1235 pri-

205 1240 520 1307 ³vatorum,
585 1240 636 1292 8<
684 1240 801 1292 haec
839 1240 1067 1308 quidem
1118 1238 1186 1292 ab
1222 1244 1364 1309 ipsis
1416 1237 1484 1291 fit
1521 1238 1855 1307 proceribus
1891 1236 1942 1289 &
1987 1238 2227 1306 privatis

224 1313 519 1367 distinctio
553 1314 841 1363 communi
877 1311 1121 1378 quodam
1158 1325 1458 1363 consensu.
1549 1306 1673 1361 Hoc
1712 1313 1885 1361 variis
1919 1306 2049 1360 fieri
2081 1308 2230 1377 solet

109 1440 114 1445 ,
224 1374 567 1435 rationibus.
662 1381 956 1433 Interdum
1004 1384 1191 1448 magni
1227 1383 1343 1432 viri
1379 1379 1713 1446 dignitatem
1756 1376 2012 1432 indicant
2046 1381 2228 1445 ipsius

175 1456 190 1465 ⁸
223 1446 646 1518 subjectivitate
696 1450 912 1520 pluries
970 1450 1261 1520 ponenda,
1332 1465 1464 1502 cum
1515 1460 1835 1501 ceterorum
1893 1447 2231 1521 simpliciter

226 1532 511 1590 ponatur-3
547 1519 819 1574 talimodo
856 1522 1093 1588 pluralis
1133 1523 1359 1577 numeri
1392 1518 1695 1570 secundam
1721 1533 2020 1584 personam
2063 1533 2231 1568 usur-

225 1602 365 1658 pant
399 1606 505 1658 pro
542 1591 852 1657 singulari,
890 1593 1053 1656 quasi
1087 1593 1169 1641 sic
1199 1597 1575 1640 monstrantes
1612 1588 1783 1639 talem
1820 1603 2000 1638 unum
2040 1590 2230 1638 virum

222 1661 465 1728 perinde
502 1663 833 1719 existimari,
862 1669 1030 1727 atque
1048 1659 1188 1710 alios
1224 1658 1485 1718 multos3‘
1507 1656 1798 1725 interdum
1833 1665 2057 1723 ponunt
2093 1654 2237 1706 sub-2

229 1732 607 1798 jec'tivitatem
657 1732 769 1779 viri
803 1731 1052 1794 potentis
1091 1729 1252 1779 velut
1303 1724 1625 1791 absentem,
1697 1730 1953 1794 quamvis
1991 1732 2233 1792 praesens

225 1804 331 1862 sit,
400 1801 561 1867 velut
595 1797 941 1860 indicantes,
991 1798 1163 1849 talem
1213 1796 1403 1850 virum
1439 1813 1554 1847 non
1592 1794 1712 1848 esse
1748 1806 1958 1863 temere
1993 1800 2234 1863 propius

229 1866 556 1919 adeundum
585 1866 810 1935 avulgo
843 1865 1170 1937 hominum*
1232 1866 1421 1933 Hujus
1459 1870 1648 1919 ‘autem
1684 1870 1787 1930 rei,
1823 1877 1997 1934 prout
2030 1873 2235 1923 natura
2289 1868 2291 1871 ’

224 1937 354 2000 fert,
408 1952 607 1991 sensus
646 1937 862 2004 duplex
900 1948 1016 1999 est3
1066 1942 1149 1990 ita
1187 1935 1286 2000 fit,
1344 1947 1410 1988 ut
1445 1936 1752 2002 singularis
1789 1938 1956 1987 tertia
1990 1948 2235 2003 persona

228 2005 569 2059 adhibeatur
604 2011 668 2058 in
726 2002 1068 2073 quibusdam
1116 2009 1326 2070 lingitis
1363 2015 1451 2063 tut
1496 2006 1708 2068 italica)
1759 2004 1828 2055 ad
1879 2005 2235 2072 dignitatem,

226 2082 293 2141 in
330 2079 454 2127 aliis
509 2077 598 2139 (ut
630 2080 695 2125 in
742 2075 964 2139 danica)
1019 2070 1089 2124 ad
1131 2072 1520 2139 contemptum
1574 2070 1986 2134 denotandum3
2057 2076 2237 2139 siqvi-

229 2145 359 2196 dem
396 2144 671 2194 distantiae
705 2152 882 2210 typus
940 2146 1107 2193 etiam
1144 2145 1226 2192 sic
1262 2145 1444 2209 accipi
1477 2152 1694 2209 potest,
1767 2145 1932 2208 quasi
1985 2143 2237 2195 nolimus

229 2223 331 2266 aut
376 2226 702 2269 recusemus
754 2212 824 2264 ad
875 2210 1154 2267 humilem
1205 2211 1607 2263 ‘conditionem
1664 2209 2006 2263 descendere
2056 2212 2236 2279 illius,

229 2300 364 2337 cum
405 2297 522 2350 quo
555 2272 871 2349 loquimur.
981 2279 1108 2334 Aut
1157 2282 1249 2335 illi
1299 2279 1448 2333 forte
1500 2280 1611 2333 hoc
1648 2291 1789 2349 typo
1829 2277 2236 2351 significamus,
2292 2320 2301 2328 .

228 2353 387 2422 quod
436 2356 490 2404 ei
536 2350 835 2407 nobiscum
884 2356 1143 2404 cominus
1196 2351 1470 2419 congredi
1506 2368 1622 2403 non
1658 2353 1847 2404 liceat.
1938 2350 2235 2404 Interdum

228 2423 710 2490 subjectivitatem
738 2417 957 2491 pluries
994 2433 1220 2494 ponunt
1267 2420 1316 2475 8<
1348 2422 1513 2475 ‘velut
1548 2420 1837 2474 absentem
1873 2406 2070 2481 simul}
2105 2422 2241 2473 tali-2

227 2493 400 2546 modo
449 2496 678 2544 tertiam
726 2508 1023 2560 personam
1073 2492 1309 2559 pluralis
1361 2490 1635 2543 adhibent
1687 2503 1782 2547 ex.
1819 2508 1902 2560 gr.
1948 2489 2240 2558 Germani.

225 2561 331 2614 Est
366 2562 470 2615 ubi
505 2577 577 2611 ne
613 2561 725 2614 hoc
747 2560 992 2627 ‚quidem
1032 2558 1254 2626 sufficit,
1290 2576 1422 2612 nam
1452 2560 2070 2628 subjectivitatemullo
2092 2578 2240 2630 ‚pro-„3

222 2636 461 2683 ‘nomine
486 2633 834 2697 vexprimere
885 2646 1006 2680 non
1054 2634 1189 2682 satis
1244 2629 1483 2696 dignum
1551 2641 1841 2692 censetur3
1913 2635 1996 2683 sic
2056 2629 2240 2683 subli-

228 2706 383 2753 mior
431 2698 483 2752 ὅ(
536 2697 804 2765 grandior
855 2697 1103 2766 quaedam
1129 2697 1269 2751 *idea
1321 2708 1421 2750 aut
1472 2703 1632 2751 notio
1686 2697 2056 2752 substituitur
2107 2701 2239 2751 loco

229 2769 398 2822 nudae
434 2767 910 2834 subjectivitatis‘3
947 2768 1080 2820 talia
1116 2769 1279 2820 sunt}
1328 2766 1629 2835 MaJestas,
1667 2764 1957 2820 Celsitudo
1979 2806 1993 2831 ,
2030 2768 2242 2821 Excel-

229 2841 436 2903 lentia,
472 2838 826 2890 Eminentia*
884 2836 957 2889 Et
986 2839 1122 2890 talia
1161 2838 1393 2906 quidem
1429 2841 1493 2889 in
1528 2837 1770 2906 Europae
1805 2839 2016 2906 lingvis
2053 2842 2238 2891 maxi-

228 2925 325 2963 me
364 2907 709 2961 adhibentur
745 2908 815 2960 ad
848 2908 1277 2975 exprimendam
1330 2908 1677 2975 dignitatem.
1791 2906 2091 2961 Ulterioris
2131 2927 2238 2961 au-

230 2990 349 3031 tem
386 2977 536 3031 Asiae
574 2988 771 3044 gentes
806 2977 978 3045 longe
1009 2979 1174 3031 aliam
1209 2981 1489 3031 rationem
1525 2985 1858 3047 seqvuntur.
1932 2977 2048 3029 111ae
2085 2983 2239 3033 enim
2314 3019 2320 3024 .
2390 3023 2399 3034 x

157 3075 162 3086 ·
231 3051 639 3117 pronominum
686 3048 817 3099 loco
854 3045 1210 3100 substituunt
1258 3046 1611 3099 substantiva
1654 3051 2239 3115 consangvineitatem

223 3118 406 3188 simul
458 3116 508 3169 &
542 3128 756 3171 aetatem
791 3113 1129 3180 indicantia,
1182 3132 1564 3185 magnumque
1609 3122 1798 3171 virum
1835 3129 2073 3182 vocant,
2130 3132 2256 3188 pro'

235 3185 634 3240 differentibus
671 3186 941 3253 gradibus
982 3184 1303 3254 dignitatis,
1377 3199 1592 3255 patrem
1628 3187 1723 3239 vel
1759 3189 2108 3242 avunculum
2144 3188 2240 3240 vel
2322 3202 2331 3207 ’

173 3261 178 3274 '
232 3274 403 3310 avum
440 3256 533 3308 vel
567 3271 847 3325 proavum
881 3258 976 3309 vel
1017 3269 1271 3318 atavum3
1310 3254 1361 3308 δε
1395 3256 1724 3320 inferiores,
1762 3254 1949 3319 filios,
2000 3269 2241 3326 nepotes

236 3327 287 3379 δε
321 3338 699 3396 pronepotes,
752 3328 992 3392 aequales
1028 3338 1216 3379 autem
1252 3326 1453 3380 fratres
1506 3325 1557 3379 ὅ(
1598 3342 1820 3380 sorores
1857 3324 1908 3378 ὅ(
1942 3326 2240 3381 consobri-

233 3413 371 3459 nos;
420 3412 609 3464 neque
644 3395 756 3447 hoc
794 3398 981 3449 solum
1018 3401 1572 3461 contenti,·minores
1610 3393 1954 3449 differentias
1986 3396 2241 3450 indicant

235 3468 464 3534 adjecta
491 3482 665 3519 vocet
702 3467 880 3517 maior
920 3468 1011 3518 vel
1048 3470 1224 3521 minor
1258 3473 1434 3530 natu,
1485 3471 1606 3518 uti:
1645 3468 1825 3532 major
1855 3477 1996 3518 natu
2020 3464 2241 3536 frater,

197 3549 206 3576 f
234 3537 412 3590 minor
446 3551 587 3589 naeu
628 3554 797 3598 soror,
854 3534 905 3588 ὅ(
937 3538 1219 3604 ejusmodi
1254 3541 1427 3589 varia.
1482 3536 1569 3588 Ita
1602 3537 1688 3588 hae
1721 3538 1928 3605 lingvae
1964 3531 2242 3605 copiosis·-

235 3610 390 3659 simae
434 3619 568 3664 sunt
617 3605 686 3659 ad
737 3606 1029 3673 dignitatis
1080 3607 1291 3674 gradus
1338 3607 1757 3676 exprimendos.
1871 3603 1999 3660 Haec
2052 3616 2242 3659 autem

75 3709 78 3713 >
151 3724 156 3729 .
203 3729 214 3744 x
236 3679 390 3729 inter
424 3678 557 3730 illos
593 3676 729 3730 inde
760 3687 888 3728 nata
942 3686 1028 3729 est
1062 3676 1453 3740 consuetudo,
1519 3677 1674 3743 quod
1712 3675 1863 3743 apud
1899 3669 2246 3738 semibarbaf·

236 3761 328 3797 ras
361 3757 556 3811 gentes
593 3759 826 3814 paterna
862 3750 1140 3814 imprimis
1191 3748 1341 3802 valet
1378 3751 1702 3813 auctoritas,
1754 3744 1805 3797 &
1830 3742 2021 3815 *reipL
2060 3749 2245 3814 omnis

236 3819 573 3866 constitutio
606 3817 845 3881 quadam
886 3820 1106 3869 ratione
1146 3827 1230 3869 est
1263 3816 1615 3881 domestica,
1654 3820 1842 3881 omnis,
1872 3833 2012 3882 vero
2049 3815 2248 3882 digni*

236 3896 324 3938 tas
376 3883 425 3937 ὅ(
459 3892 760 3938 auctoritas
800 3896 955 3938 aetate
994 3885 1045 3940 ὃ(
1077 3886 1318 3955 physica
1360 3890 1560 3954 quavis
1614 3886 1953 3938 excellentia
1990 3885 2245 3938 maxime

236 3965 614 4026 mensuratur.
707 3953 860 4007 'Cum
906 3969 1044 4008 vero
1082 3958 1238 4009 Euro
1282 3975 1323 4008 ae
1357 3960 1619 4023 gentium
1672 3958 1845 4022 longe
1891 3957 2001 4008 alia
2038 3960 2114 4008 sit
2148 3957 2242 4007 re-

236 4025 449 4093 rumpl.
489 4027 845 4088 constituti0,
881 4024 931 4077 ὃ(
963 4028 1203 4086 morales
1317 4026 1733 4079 intellectuales
1786 4026 2086 4093 qualitates
2122 4041 2255 4092 ma&

201 4094 208 4104 “
235 4093 381 4163 joris
417 4098 829 4158 existimentur,
882 4111 1051 4162 quam
1089 4096 1284 4163 robur,
1333 4108 1434 4152 aut
1467 4108 1624 4163 aetas,
1668 4107 1767 4151 aut
1804 4112 1902 4161 ea,
1938 4112 2062 4165 (με
2099 4094 2246 4162 hanc

1730 4311 1759 4329 f
