2707 4650
281 470 285 474 *
338 454 605 525 pluribus
643 449 856 522 lingvis
892 440 1196 517 agnoscere
1234 445 1631 503 difficillimum
1677 453 1771 507 sit.
1850 451 1982 514 Illae
2012 463 2164 507 certe
2200 466 2309 509 voa

334 543 459 589 ces,
511 542 634 593 quae
669 519 1459 585 affectuswvehementissimos
1494 521 1775 584 indicant,
1822 520 1938 575 huc
1976 492 2182 576 debent
2216 543 2308 580 re..

320 594 476 651 ferri
493 633 508 660 ,
546 592 597 645 ὅ(
629 594 741 646 111ae
773 590 1108 660 plerumque
1145 605 1222 643 ex
1246 594 1553 662 originaria
1587 592 1936 659 quacunque¹
1955 594 2155 663 ,lingva
2191 613 2307 671 ser·

333 677 475 719 vatae
525 674 677 719 sunt.
1815 685 1825 698 ο

1163 756 1267 840 ..§.
1351 768 1455 829 11.

503 866 798 919 Primitiva
832 860 1024 918 autem
1060 863 1178 915 haeo
1212 865 1407 930 lingva
1440 863 1597 916 haud
1619 875 1848 924 ,tantum
1884 866 2162 919 elemento
2204 866 2310 931 du-
2377 912 2378 915 ,

332 937 472 1006 plex
509 935 573 1002 (ἕ.
611 937 690 1005 9),
745 952 948 988 verum
988 933 1037 987 δ(
1072 934 1181 986 alia
1216 939 1436 985 ratione
1465 934 1725 994 'diversa;
1777 952 1910 988 nam
1957 942 2140 1004 primo
2178 937 2307 988 loco

308 1006 580 1074 „quaedam
616 1017 700 1058 est
735 1011 798 1057 in
828 1006 1125 1057 hominum
1158 1006 1383 1071 organis
1422 1003 1734 1079 diversitas,
1768 1005 1926 1068 adeo;
1963 1017 2029 1056 ut
2061 1007 2310 1073 quaedam
2395 1006 2396 1009 ’

332 1088 527 1142 gentes
579 1077 891 1127 nonnullos
925 1076 1220 1125 literarum
1255 1089 1429 1126 sonus
1463 1070 1688 1147 facilius
1740 1073 1790 1126 ὅ(
1824 1079 2003 1141 magis
2038 1078 2311 1135 naturali÷

328 1157 420 1197 ter
455 1149 793 1214 exprimant,
830 1161 994 1211 qvam
1028 1144 1186 1195 alios.
1258 1143 1538 1210 Exemplo
1578 1148 1692 1195 sint
1710 1143 1929 1197 Arabes
1967 1142 2017 1195 ὅ(
2048 1150 2313 1197 semiticae

329 1226 559 1283 gentes,
625 1230 748 1281 ‚quae
795 1209 1135 1266 multifarios
1182 1220 1351 1264 sonos
1390 1214 1701 1279 gutturales
1738 1209 2097 1280 exprimunt,
2139 1230 2311 1283 ¹quos

328 1285 617 1353 pleraeque
661 1293 856 1350 gentes
895 1281 1048 1334 Euro
1091 1300 1132 1333 ae
1160 1280 1338 1334 'haud
1391 1287 1515 1334 sine
1563 1285 1740 1335 multa
1789 1280 2113 1336 difficultate
2164 1300 2313 1336 asse-

332 1365 612 1420 quuntur.
698 1353 766 1403 In
801 1353 1004 1404 insulis
1098 1356 1256 1404 ceani
1303 1353 1487 1404 Indici
1521 1354 1807 1405 nonnullae
1854 1364 2050 1420 gentes
2085 1354 2311 1405 literam.

334 1425 376 1486 I,
414 1423 533 1474 aliae
568 1424 789 1475 literam
822 1421 856 1472 k
893 1425 1212 1489 exprimere
1243 1436 1360 1472 non
1391 1433 1655 1490 possunt;
1693 1422 1743 1475 ὅ(
1775 1421 1886 1474 hoc
1924 1439 2054 1475 sane
2092 1427 2314 1474 varium

298 1498 422 1549 „est
455 1508 560 1559 pro
598 1507 942 1559 organorum
979 1495 1269 1544 varietate.
1352 1488 1616 1543 Secundo
1653 1493 1816 1544 loco:
1886 1491 2107 1560 objecta
2144 1498 2313 1545 etiam

331 1562 711 1615 diversissima
737 1570 870 1613 sunt
904 1564 967 1611 in
1003 1561 1236 1612 diversis
1272 1560 1624 1627 regionibus,
1666 1559 1717 1612 ὃς
1750 1561 1923 1613 homo
1957 1573 2108 1613 certe
2134 1562 2193 1614 id
2212 1552 2312 1629 ap'-

329 1635 547 1686 tissime
601 1634 873 1700 exprimit
907 1633 972 1680 in
1009 1645 1110 1680 sua
1154 1631 1378 1695 lingva,
1429 1630 1584 1697 quod
1620 1631 1875 1697 quotidie
1923 1631 2081 1683 illius
2122 1633 2309 1684 oculis

331 1701 683 1755 obversatur.
762 1699 849 1750 Ita
895 1702 945 1751 si
992 1701 1258 1766 ponimus
1299 1697 1437 1750 duas
1487 1711 1684 1765 gentes
1731 1703 2074 1768 primitivas,
2119 1711 2311 1768 ‚atque

329 1776 598 1827 unam‘in
630 1770 920 1836 AEgypw,
957 1769 1188 1827 alteram
1222 1771 1286 1819 in
1319 1768 1563 1822 Islandia
1600 1770 1942 1827 collocamus
1962 1807 1977 1832 ,
2013 1779 2311 1836 utramque

327 1857 468 1892 vero
506 1858 538 1891 a
575 1830 858 1907 principio
894 1838 1155 1903 lingvam
1179 1835 1290 1888 sibi
1321 1836 1565 1892 formare
1598 1843 2003 1906 imaginamus,
2052 1853 2311 1890 necessa-

329 1914 418 1962 rio
457 1920 624 1968 erunt
659 1912 775 1960 istae
805 1909 1011 1974 lingvae
1037 1907 1287 1970 diversae,
1323 1912 1575 1974 qvamvis
1612 1921 1841 1961 eatenus
1861 1949 1878 1974 ,
1932 1918 1998 1959 ut
2032 1911 2313 1960 verisimi-

315 1981 385 2031 ·le
424 1988 538 2039 est,
592 1987 943 2043 congruunt,
996 1987 1275 2043 quatenus
1329 1975 1380 2027 δε
1414 1972 1623 2028 naturae
1672 1977 1893 2045 objecta
1938 1980 2002 2027 in
2042 1976 2131 2030 his
2166 1979 2308 2029 locis

330 2049 539 2100 similia
574 2058 705 2098 sunt
742 2044 791 2095 ὅ(
818 2046 991 2096 simili
1033 2048 1302 2112 apparent
1334 2046 1524 2106 mode,
1560 2044 1609 2095 δι·
1640 2047 2122 2116 ΙοἿὙΘΙωιοτςαιια
2159 2045 2310 2118 apud
2397 2058 2414 2067 ‘

333 2126 633 2185 utramque
669 2122 897 2182 gentem
931 2112 1107 2167 simili
1142 2112 1359 2167 ratione
1398 2125 1533 2187 sunt
1569 2119 1887 2170 constituta.

1169 2227 1256 2311 -§.
1337 2237 1443 2298 121·
1531 2268 1546 2277 <-

512 2333 647 2403 Qvae
701 2334 974 2387 hactenus
1027 2334 1508 2387 consideravimus
1559 2347 1814 2404 apertum
1874 2346 1959 2389 est
2006 2345 2311 2405 spontanea

249 2426 251 2432 ¹
333 2417 454 2461 non
489 2423 643 2469 esse,
681 2420 789 2456 nec
819 2403 1069 2457 hominis
1105 2404 1343 2457 arbitrio
1381 2402 1633 2472 subjecta
1650 2424 1670 2476 ς,
1701 2406 1815 2458 haec
1851 2417 2039 2458 autem
2074 2406 2314 2474 physica

335 2482 568 2531 omnino
603 2485 888 2527 momenta
915 2483 1056 2525 'sunt
1096 2474 1165 2526 ad
1197 2476 1405 2539 lingvae
1450 2472 1850 2528 formationem
1896 2479 2312 2539 concurrentia,

296 2571 308 2584 ¹
331 2547 456 2617 quae
491 2545 560 2597 ab
593 2547 729 2606 illis,
766 2547 868 2610 qui
906 2554 1214 2609 autumant,
1241 2545 1494 2609 lingvam
1532 2543 1765 2598 formari
1796 2562 1870 2597 ex
1904 2557 2181 2597 consensu
2207 2545 2314 2596 ho-

332 2614 587 2682 minum,
625 2628 741 2681 quo
777 2612 938 2663 velut
973 2614 1334 2681 stipulentur,
1373 2624 1437 2664 ut
1472 2614 1609 2664 tales
1645 2618 1771 2666 soni
1805 2617 1935 2666 talia
1971 2613 2316 2680 significent,

334 2692 469 2739 satis
506 2689 783 2753 perpensa
816 2697 934 2731 non
960 2692 1110 2742 sunt,
1145 2696 1251 2731 nec
1287 2677 1356 2730 ab
1392 2686 1517 2747 ipso
1554 2681 1785 2747 quidem
1814 2683 2050 2734 Platone
2086 2687 2148 2732 in
2176 2681 2308 2734 Cra-
2357 2689 2362 2698 “

331 2756 479 2822 tylo,
522 2771 634 2821 qua
705 2765 767 2801 ar
805 2760 943 2815 erat,
989 2750 1281 2830 diligentia
1317 2760 1561 2801 tractata.
1658 2749 1969 2819 Spontaner
1997 2763 2308 2815 momenta,

334 2841 457 2892 quae
491 2828 676 2877 contri
716 2830 864 2872 uunt
912 2817 983 2872 ad
1015 2817 1414 2890 formationem
1457 2819 1692 2889 lingvae,
1754 2832 1952 2890 postea
1988 2820 2307 2880 considera-

331 2894 568 2948 buntur.
1889 2911 1894 2914 ·
2087 2914 2094 2918 ·

1048 2949 1060 2972 “
2221 2953 2238 2986 Ι

1196 2935 1256 3069 §-
1338 2994 1447 3064 ,13-

513 3089 606 3148 Ad
641 3092 844 3160 lingvae
892 3089 1137 3159 syllabas
1168 3081 1506 3159 originarias
1553 3093 1672 3148 sive
1707 3091 1975 3145 radicales
2025 3094 2132 3143 rite
2169 3088 2310 3141 defi-

336 3160 571 3217 niendas
623 3160 672 3214 8<
712 3162 1105 3216 describendas
1154 3163 1540 3229 requireretur
1589 3166 1875 3213 anatomiae
1918 3161 1969 3214 8<
2011 3160 2309 3228 physiolo-

337 3237 443 3301 giae
489 3230 827 3306 profundior
866 3232 1161 3299 'cognitio;
1224 3247 1427 3299 nempe
1476 3234 1619 3282 scire
1671 3223 2034 3293 debe'reffius,
2092 3226 2309 3294 quor&

336 3301 488 3370 qvali
538 3303 855 3368 pathemate
901 3307 1230 3370 quicunque
1262 3316 1474 3372 nervus
1507 3299 1858 3364 afficeretur,
1929 3304 2030 3367 qui
2076 3297 2308 3365 aliquod

333 3372 572 3440 loqvelae
607 3387 862 3437 organon
897 3381 1309 3437 commoverem
1346 3387 1476 3422 nam
1509 3371 1622 3422 hoc
1650 3382 1815 3438 pacto
1850 3376 2068 3422 tantum
2103 3371 2310 3419 certio-

334 3458 427 3494 res
475 3438 608 3493 fieri
658 3457 952 3508 possumus
1008 3441 1076 3491 de
1129 3439 1461 3493 radicalium
1501 3439 1850 3505 syllabarum
1897 3455 2033 3490 vero
2081 3437 2308 3504 signifi-

244 3567 251 3574 ⁴
334 3522 480 3563 catu.
567 3511 950 3562 Externorum
987 3509 1486 3576 phaenomenorum
1521 3508 1841 3564 observatio
1889 3509 2034 3560 hanc
2072 3508 2140 3560 ad
2189 3523 2307 3557 rem

335 3597 439 3632 nec
475 3585 607 3634 satis
647 3590 799 3632 certa
832 3595 938 3630 nec
987 3575 1269 3630 sufficiens
1307 3590 1418 3642 est,
1477 3594 1584 3630 nec
1632 3583 1865 3632 omnino
1902 3578 2168 3647 prodesse
2200 3593 2312 3643 po-

335 3660 479 3713 test,
523 3654 636 3702 nisi
680 3653 1011 3701 instituatur
1044 3648 1194 3713 apud
1228 3648 1509 3699 incultum
1542 3649 1842 3701 hominum
1878 3663 2090 3715 genus,
2146 3644 2306 3712 quod

335 3720 506 3770 animi
535 3717 858 3771 affectiones
886 3717 1237 3770 dissimulare
1267 3733 1385 3767 non
1414 3716 1628 3782 didicit,
1664 3718 1714 3770 &
1744 3732 2138 3786 quamcunque
2163 3725 2305 3783 pas-

276 3821 277 3824 =
329 3789 533 3839 sionem
566 3792 647 3841 sic
683 3791 954 3855 exprimit
987 3801 1158 3848 voce,
1210 3789 1297 3837 uti
1335 3783 1565 3839 affectus
1615 3787 1852 3840 infracta
1899 3794 1985 3841 vis
2034 3785 2303 3854 postulat.

329 3856 723 3910 Necessarium
759 3873 991 3925 quoque
1025 3854 1203 3921 foret,
1239 3870 1362 3919 eos,
1398 3858 1547 3924 apud
1583 3874 1724 3924 qvos
1760 3858 1878 3910 haec
1913 3854 2077 3912 fieret
2112 3854 2309 3907 obser-

328 3928 515 3988 vati0,
567 3932 947 3982 recentiorum
980 3928 1305 3993 lingvarum
1341 3940 1459 3977 esse
1495 3930 1750 3994 ignaros,
1816 3944 1946 3980 cum
1980 3931 2046 3977 in
2080 3925 2168 3977 his
2205 3943 2308 3977 na-

331 3996 533 4048 turalis
587 4012 725 4062 usus
778 3997 1068 4049 literarum
1116 3997 1449 4063 plerumque
1497 4000 1560 4048 in
1609 3997 2034 4049 desvetudinem
2086 3995 2306 4047 abierit.

326 4064 446 4119 Sed
479 4080 609 4117 cum
644 4063 771 4114 hoc.
791 4071 893 4118 vix
928 4080 1177 4132 unquam
1212 4070 1392 4131 possit
1427 4070 1782 4134 contingere,
1822 4082 1940 4118 non
1973 4076 2159 4135 potest
2193 4069 2307 4115 nisi

331 4148 447 4203 per
469 4131 805 4208 anatomiam
839 4132 888 4186 &
921 4135 1340 4205 physiologiam
1388 4140 1617 4202 omnino
1655 4142 1981 4208 recuperari
2016 4137 2132 4191 haec
2170 4149 2307 4203 cog-
